{"ts": "2026-03-08T12:00:00Z", "market_id": "will-btc-hit-100k-2026", "best_bid": "0.6023", "best_ask": "0.6333", "bids": [["0.6023", "608"], ["0.5805", "145"], ["0.573", "624"]], "asks": [["0.6333", "139"], ["0.644", "273"], ["0.6774", "253"]]}
{"ts": "2026-03-08T12:00:00Z", "market_id": "will-fed-cut-rates-june", "best_bid": "0.4243", "best_ask": "0.4729", "bids": [["0.4243", "653"], ["0.3981", "213"], ["0.3874", "270"], ["0.3882", "417"], ["0.336", "797"]], "asks": [["0.4729", "334"], ["0.4831", "764"], ["0.5041", "394"], ["0.5257", "402"], ["0.5775", "520"]]}
{"ts": "2026-03-08T12:00:00Z", "market_id": "will-trump-win-2028", "best_bid": "0.3493", "best_ask": "0.3845", "bids": [["0.3493", "420"], ["0.3355", "727"], ["0.2984", "288"], ["0.2965", "423"], ["0.2797", "323"]], "asks": [["0.3845", "641"], ["0.3959", "283"], ["0.4439", "153"], ["0.4417", "216"], ["0.4412", "768"]]}
{"ts": "2026-03-08T12:00:00Z", "market_id": "will-eth-flip-btc-2026", "best_bid": "0.0791", "best_ask": "0.1366", "bids": [["0.0791", "596"], ["0.0642", "326"], ["0.0316", "382"], ["0.0354", "373"], ["0.0177", "630"]], "asks": [["0.1366", "796"], ["0.1558", "705"], ["0.1654", "107"], ["0.1685", "460"], ["0.1935", "785"]]}
{"ts": "2026-03-08T12:00:00Z", "market_id": "will-ai-pass-bar-exam", "best_bid": "0.6863", "best_ask": "0.7221", "bids": [["0.6863", "302"], ["0.6655", "488"], ["0.6503", "191"], ["0.6267", "162"], ["0.5961", "482"]], "asks": [["0.7221", "624"], ["0.7471", "647"], ["0.7509", "571"], ["0.7975", "206"], ["0.8255", "660"]]}
{"ts": "2026-03-08T12:00:30Z", "market_id": "will-btc-hit-100k-2026", "best_bid": "0.6267", "best_ask": "0.6492", "bids": [["0.6267", "307"], ["0.5995", "788"], ["0.5794", "323"], ["0.5763", "211"]], "asks": [["0.6492", "616"], ["0.6595", "167"], ["0.6907", "706"], ["0.6968", "514"]]}
{"ts": "2026-03-08T12:00:30Z", "market_id": "will-fed-cut-rates-june", "best_bid": "0.437", "best_ask": "0.4858", "bids": [["0.437", "158"], ["0.4211", "673"], ["0.4109", "602"], ["0.3519", "550"], ["0.3881", "364"]], "asks": [["0.4858", "690"], ["0.5086", "253"], ["0.5363", "593"], ["0.5517", "69"], ["0.5548", "295"]]}
{"ts": "2026-03-08T12:00:30Z", "market_id": "will-trump-win-2028", "best_bid": "0.3559", "best_ask": "0.3782", "bids": [["0.3559", "547"], ["0.3263", "178"], ["0.3095", "219"], ["0.2942", "266"], ["0.2555", "780"]], "asks": [["0.3782", "120"], ["0.3989", "181"], ["0.4361", "321"], ["0.4446", "602"], ["0.4734", "369"]]}
{"ts": "2026-03-08T12:00:30Z", "market_id": "will-eth-flip-btc-2026", "best_bid": "0.0664", "best_ask": "0.1013", "bids": [["0.0664", "115"], ["0.0559", "652"], ["0.0461", "110"], ["0.0323", "388"]], "asks": [["0.1013", "396"], ["0.1224", "275"], ["0.1496", "284"], ["0.1332", "122"], ["0.1636", "269"]]}
{"ts": "2026-03-08T12:00:30Z", "market_id": "will-ai-pass-bar-exam", "best_bid": "0.6923", "best_ask": "0.7339", "bids": [["0.6923", "534"], ["0.6666", "244"], ["0.6684", "483"], ["0.6343", "739"], ["0.5736", "462"]], "asks": [["0.7339", "298"], ["0.76", "146"], ["0.7711", "470"], ["0.8076", "719"], ["0.7817", "795"]]}
{"ts": "2026-03-08T12:01:00Z", "market_id": "will-btc-hit-100k-2026", "best_bid": "0.6071", "best_ask": "0.637", "bids": [["0.6071", "237"], ["0.5879", "127"], ["0.5548", "150"]], "asks": [["0.637", "335"], ["0.6645", "503"], ["0.6913", "101"]]}
{"ts": "2026-03-08T12:01:00Z", "market_id": "will-fed-cut-rates-june", "best_bid": "0.4518", "best_ask": "0.4979", "bids": [["0.4518", "292"], ["0.4337", "460"], ["0.4253", "449"], ["0.3663", "342"], ["0.3561", "619"]], "asks": [["0.4979", "220"], ["0.5176", "110"], ["0.518", "321"], ["0.575", "483"], ["0.5964", "727"]]}
{"ts": "2026-03-08T12:01:00Z", "market_id": "will-trump-win-2028", "best_bid": "0.3506", "best_ask": "0.3824", "bids": [["0.3506", "371"], ["0.3396", "593"], ["0.3283", "240"]], "asks": [["0.3824", "108"], ["0.402", "211"], ["0.4227", "120"]]}
{"ts": "2026-03-08T12:01:00Z", "market_id": "will-eth-flip-btc-2026", "best_bid": "0.0506", "best_ask": "0.0944", "bids": [["0.0506", "633"], ["0.029", "133"]], "asks": [["0.0944", "302"], ["0.1051", "479"], ["0.137", "317"], ["0.1673", "321"], ["0.1881", "518"]]}
{"ts": "2026-03-08T12:01:00Z", "market_id": "will-ai-pass-bar-exam", "best_bid": "0.6949", "best_ask": "0.7178", "bids": [["0.6949", "152"], ["0.6741", "185"], ["0.6396", "428"], ["0.6554", "770"]], "asks": [["0.7178", "125"], ["0.7379", "407"], ["0.773", "341"], ["0.7978", "359"]]}
{"ts": "2026-03-08T12:01:30Z", "market_id": "will-btc-hit-100k-2026", "best_bid": "0.6228", "best_ask": "0.6672", "bids": [["0.6228", "617"], ["0.5941", "187"], ["0.5981", "616"], ["0.5764", "784"], ["0.5665", "320"]], "asks": [["0.6672", "356"], ["0.6793", "320"], ["0.6915", "209"], ["0.7335", "401"], ["0.758", "567"]]}
{"ts": "2026-03-08T12:01:30Z", "market_id": "will-fed-cut-rates-june", "best_bid": "0.4306", "best_ask": "0.4845", "bids": [["0.4306", "95"], ["0.414", "318"], ["0.381", "487"]], "asks": [["0.4845", "53"], ["0.4971", "215"], ["0.5266", "624"]]}
{"ts": "2026-03-08T12:01:30Z", "market_id": "will-trump-win-2028", "best_bid": "0.3571", "best_ask": "0.3775", "bids": [["0.3571", "202"], ["0.3464", "615"], ["0.3199", "423"]], "asks": [["0.3775", "608"], ["0.3949", "201"], ["0.3991", "90"]]}
{"ts": "2026-03-08T12:01:30Z", "market_id": "will-eth-flip-btc-2026", "best_bid": "0.0685", "best_ask": "0.0985", "bids": [["0.0685", "466"], ["0.0435", "292"]], "asks": [["0.0985", "685"], ["0.127", "216"], ["0.1509", "75"]]}
{"ts": "2026-03-08T12:01:30Z", "market_id": "will-ai-pass-bar-exam", "best_bid": "0.6887", "best_ask": "0.7158", "bids": [["0.6887", "735"], ["0.6733", "160"], ["0.6338", "277"], ["0.6097", "362"]], "asks": [["0.7158", "304"], ["0.7416", "441"], ["0.7702", "254"], ["0.7735", "283"]]}
{"ts": "2026-03-08T12:02:00Z", "market_id": "will-btc-hit-100k-2026", "best_bid": "0.6307", "best_ask": "0.6667", "bids": [["0.6307", "335"], ["0.6079", "599"], ["0.5732", "317"], ["0.5659", "89"]], "asks": [["0.6667", "409"], ["0.6847", "389"], ["0.6913", "232"], ["0.7557", "161"]]}
{"ts": "2026-03-08T12:02:00Z", "market_id": "will-fed-cut-rates-june", "best_bid": "0.4472", "best_ask": "0.4911", "bids": [["0.4472", "670"], ["0.4349", "244"], ["0.4254", "582"], ["0.376", "736"]], "asks": [["0.4911", "573"], ["0.5191", "310"], ["0.5285", "601"], ["0.5775", "251"]]}
{"ts": "2026-03-08T12:02:00Z", "market_id": "will-trump-win-2028", "best_bid": "0.3427", "best_ask": "0.3893", "bids": [["0.3427", "177"], ["0.3147", "732"], ["0.3097", "617"], ["0.3012", "438"]], "asks": [["0.3893", "787"], ["0.4094", "468"], ["0.4372", "180"], ["0.4592", "743"]]}
{"ts": "2026-03-08T12:02:00Z", "market_id": "will-eth-flip-btc-2026", "best_bid": "0.0643", "best_ask": "0.1142", "bids": [["0.0643", "611"], ["0.0482", "643"], ["0.0181", "502"]], "asks": [["0.1142", "50"], ["0.1284", "671"], ["0.1528", "741"]]}
{"ts": "2026-03-08T12:02:00Z", "market_id": "will-ai-pass-bar-exam", "best_bid": "0.6768", "best_ask": "0.7328", "bids": [["0.6768", "577"], ["0.6541", "290"], ["0.6444", "200"], ["0.644", "675"], ["0.6004", "639"]], "asks": [["0.7328", "729"], ["0.7495", "738"], ["0.7851", "75"], ["0.8219", "124"], ["0.8437", "249"]]}
{"ts": "2026-03-08T12:02:30Z", "market_id": "will-btc-hit-100k-2026", "best_bid": "0.6409", "best_ask": "0.6896", "bids": [["0.6409", "721"], ["0.6308", "159"], ["0.6121", "762"], ["0.583", "174"]], "asks": [["0.6896", "754"], ["0.7146", "485"], ["0.7418", "580"], ["0.7531", "517"]]}
{"ts": "2026-03-08T12:02:30Z", "market_id": "will-fed-cut-rates-june", "best_bid": "0.4545", "best_ask": "0.4958", "bids": [["0.4545", "503"], ["0.4282", "486"], ["0.4167", "536"], ["0.409", "702"], ["0.3532", "691"]], "asks": [["0.4958", "677"], ["0.5236", "611"], ["0.5221", "510"], ["0.5406", "333"], ["0.5775", "294"]]}
{"ts": "2026-03-08T12:02:30Z", "market_id": "will-trump-win-2028", "best_bid": "0.3547", "best_ask": "0.3857", "bids": [["0.3547", "393"], ["0.3268", "204"], ["0.3194", "269"]], "asks": [["0.3857", "377"], ["0.3973", "286"], ["0.4118", "115"]]}
{"ts": "2026-03-08T12:02:30Z", "market_id": "will-eth-flip-btc-2026", "best_bid": "0.0545", "best_ask": "0.0931", "bids": [["0.0545", "648"], ["0.0441", "639"], ["0.0154", "355"]], "asks": [["0.0931", "762"], ["0.1208", "439"], ["0.1509", "449"]]}
{"ts": "2026-03-08T12:02:30Z", "market_id": "will-ai-pass-bar-exam", "best_bid": "0.6823", "best_ask": "0.7365", "bids": [["0.6823", "667"], ["0.6626", "547"], ["0.6468", "464"], ["0.6424", "180"]], "asks": [["0.7365", "275"], ["0.7519", "79"], ["0.7832", "791"], ["0.7945", "687"]]}
{"ts": "2026-03-08T12:03:00Z", "market_id": "will-btc-hit-100k-2026", "best_bid": "0.6115", "best_ask": "0.6552", "bids": [["0.6115", "188"], ["0.5978", "385"], ["0.5733", "438"], ["0.5364", "308"], ["0.5339", "103"]], "asks": [["0.6552", "522"], ["0.6704", "266"], ["0.6887", "334"], ["0.7351", "133"], ["0.7551", "408"]]}
{"ts": "2026-03-08T12:03:00Z", "market_id": "will-fed-cut-rates-june", "best_bid": "0.4569", "best_ask": "0.4859", "bids": [["0.4569", "81"], ["0.4429", "206"], ["0.4319", "627"]], "asks": [["0.4859", "303"], ["0.4963", "294"], ["0.5327", "273"]]}
{"ts": "2026-03-08T12:03:00Z", "market_id": "will-trump-win-2028", "best_bid": "0.349", "best_ask": "0.3838", "bids": [["0.349", "167"], ["0.3197", "76"], ["0.306", "434"], ["0.2626", "656"], ["0.2426", "763"]], "asks": [["0.3838", "217"], ["0.396", "369"], ["0.4401", "456"], ["0.4257", "757"], ["0.4432", "358"]]}
{"ts": "2026-03-08T12:03:00Z", "market_id": "will-eth-flip-btc-2026", "best_bid": "0.0502", "best_ask": "0.1042", "bids": [["0.0502", "629"], ["0.0332", "429"], ["0.0138", "700"]], "asks": [["0.1042", "92"], ["0.1228", "120"], ["0.1378", "551"], ["0.1918", "520"], ["0.179", "716"]]}
{"ts": "2026-03-08T12:03:00Z", "market_id": "will-ai-pass-bar-exam", "best_bid": "0.6863", "best_ask": "0.7279", "bids": [["0.6863", "656"], ["0.6699", "138"], ["0.6311", "525"], ["0.6197", "79"]], "asks": [["0.7279", "324"], ["0.7428", "335"], ["0.7576", "633"], ["0.7806", "556"]]}
{"ts": "2026-03-08T12:03:30Z", "market_id": "will-btc-hit-100k-2026", "best_bid": "0.6333", "best_ask": "0.6874", "bids": [["0.6333", "314"], ["0.6178", "332"], ["0.6129", "137"]], "asks": [["0.6874", "398"], ["0.7093", "619"], ["0.7453", "297"]]}
{"ts": "2026-03-08T12:03:30Z", "market_id": "will-fed-cut-rates-june", "best_bid": "0.4445", "best_ask": "0.4949", "bids": [["0.4445", "508"], ["0.4327", "758"], ["0.4123", "534"], ["0.3827", "613"], ["0.3764", "363"]], "asks": [["0.4949", "67"], ["0.5093", "299"], ["0.5381", "616"], ["0.5504", "388"], ["0.5712", "307"]]}
{"ts": "2026-03-08T12:03:30Z", "market_id": "will-trump-win-2028", "best_bid": "0.3461", "best_ask": "0.3753", "bids": [["0.3461", "598"], ["0.3324", "545"], ["0.2971", "587"], ["0.2991", "248"], ["0.2879", "64"]], "asks": [["0.3753", "756"], ["0.3897", "333"], ["0.4344", "661"], ["0.4114", "353"], ["0.4297", "775"]]}
{"ts": "2026-03-08T12:03:30Z", "market_id": "will-eth-flip-btc-2026", "best_bid": "0.032", "best_ask": "0.091", "bids": [["0.032", "703"], ["0.02", "341"]], "asks": [["0.091", "552"], ["0.1013", "530"], ["0.1246", "308"], ["0.1497", "460"], ["0.1772", "104"]]}
{"ts": "2026-03-08T12:03:30Z", "market_id": "will-ai-pass-bar-exam", "best_bid": "0.6924", "best_ask": "0.7184", "bids": [["0.6924", "304"], ["0.6712", "660"], ["0.6633", "511"], ["0.6445", "489"], ["0.6069", "151"]], "asks": [["0.7184", "171"], ["0.7368", "683"], ["0.7593", "503"], ["0.7837", "362"], ["0.7633", "262"]]}
{"ts": "2026-03-08T12:04:00Z", "market_id": "will-btc-hit-100k-2026", "best_bid": "0.6404", "best_ask": "0.6637", "bids": [["0.6404", "52"], ["0.6214", "348"], ["0.6112", "769"]], "asks": [["0.6637", "468"], ["0.6856", "83"], ["0.712", "514"]]}
{"ts": "2026-03-08T12:04:00Z", "market_id": "will-fed-cut-rates-june", "best_bid": "0.4538", "best_ask": "0.4767", "bids": [["0.4538", "690"], ["0.4306", "485"], ["0.412", "322"]], "asks": [["0.4767", "653"], ["0.5053", "167"], ["0.5226", "195"]]}
{"ts": "2026-03-08T12:04:00Z", "market_id": "will-trump-win-2028", "best_bid": "0.3473", "best_ask": "0.3796", "bids": [["0.3473", "499"], ["0.3279", "462"], ["0.3073", "132"], ["0.3149", "380"], ["0.2873", "740"]], "asks": [["0.3796", "177"], ["0.3957", "328"], ["0.4193", "662"], ["0.4355", "668"], ["0.4269", "639"]]}
{"ts": "2026-03-08T12:04:00Z", "market_id": "will-eth-flip-btc-2026", "best_bid": "0.045", "best_ask": "0.0885", "bids": [["0.045", "325"], ["0.0342", "531"]], "asks": [["0.0885", "640"], ["0.1136", "581"], ["0.1451", "649"]]}
{"ts": "2026-03-08T12:04:00Z", "market_id": "will-ai-pass-bar-exam", "best_bid": "0.6591", "best_ask": "0.7179", "bids": [["0.6591", "736"], ["0.632", "760"], ["0.6276", "613"], ["0.6018", "381"]], "asks": [["0.7179", "157"], ["0.7345", "557"], ["0.7757", "87"], ["0.7668", "168"]]}
{"ts": "2026-03-08T12:04:30Z", "market_id": "will-btc-hit-100k-2026", "best_bid": "0.6335", "best_ask": "0.6923", "bids": [["0.6335", "51"], ["0.6061", "105"], ["0.5927", "560"], ["0.5769", "323"]], "asks": [["0.6923", "723"], ["0.7115", "242"], ["0.7372", "690"], ["0.7254", "612"]]}
{"ts": "2026-03-08T12:04:30Z", "market_id": "will-fed-cut-rates-june", "best_bid": "0.4421", "best_ask": "0.4973", "bids": [["0.4421", "673"], ["0.4179", "64"], ["0.4058", "166"], ["0.3553", "207"]], "asks": [["0.4973", "295"], ["0.5136", "615"], ["0.5263", "522"], ["0.5662", "560"]]}
{"ts": "2026-03-08T12:04:30Z", "market_id": "will-trump-win-2028", "best_bid": "0.3378", "best_ask": "0.3951", "bids": [["0.3378", "544"], ["0.3229", "442"], ["0.2809", "189"], ["0.2912", "474"]], "asks": [["0.3951", "533"], ["0.4161", "245"], ["0.4355", "121"], ["0.4725", "398"]]}
{"ts": "2026-03-08T12:04:30Z", "market_id": "will-eth-flip-btc-2026", "best_bid": "0.0622", "best_ask": "0.115", "bids": [["0.0622", "643"], ["0.0424", "601"], ["0.0283", "606"]], "asks": [["0.115", "725"], ["0.1279", "545"], ["0.1571", "436"], ["0.1643", "764"]]}
{"ts": "2026-03-08T12:04:30Z", "market_id": "will-ai-pass-bar-exam", "best_bid": "0.669", "best_ask": "0.6985", "bids": [["0.669", "94"], ["0.6441", "440"], ["0.6094", "717"], ["0.6092", "564"]], "asks": [["0.6985", "375"], ["0.7226", "445"], ["0.7502", "205"], ["0.7307", "654"]]}
{"ts": "2026-03-08T12:05:00Z", "market_id": "will-btc-hit-100k-2026", "best_bid": "0.6326", "best_ask": "0.6864", "bids": [["0.6326", "789"], ["0.6144", "208"], ["0.5938", "396"]], "asks": [["0.6864", "197"], ["0.7095", "126"], ["0.7451", "688"]]}
{"ts": "2026-03-08T12:05:00Z", "market_id": "will-fed-cut-rates-june", "best_bid": "0.4491", "best_ask": "0.4968", "bids": [["0.4491", "740"], ["0.4315", "785"], ["0.3942", "120"], ["0.3812", "282"], ["0.3744", "698"]], "asks": [["0.4968", "596"], ["0.5131", "549"], ["0.5182", "290"], ["0.582", "142"], ["0.5447", "770"]]}
{"ts": "2026-03-08T12:05:00Z", "market_id": "will-trump-win-2028", "best_bid": "0.3464", "best_ask": "0.3941", "bids": [["0.3464", "350"], ["0.3289", "593"], ["0.3037", "224"]], "asks": [["0.3941", "417"], ["0.407", "471"], ["0.4458", "229"]]}
{"ts": "2026-03-08T12:05:00Z", "market_id": "will-eth-flip-btc-2026", "best_bid": "0.0614", "best_ask": "0.0846", "bids": [["0.0614", "647"], ["0.0468", "520"], ["0.0148", "526"]], "asks": [["0.0846", "196"], ["0.1074", "311"], ["0.1406", "344"], ["0.1241", "403"]]}
{"ts": "2026-03-08T12:05:00Z", "market_id": "will-ai-pass-bar-exam", "best_bid": "0.6629", "best_ask": "0.7214", "bids": [["0.6629", "253"], ["0.6358", "440"], ["0.6285", "766"], ["0.6316", "455"], ["0.6223", "100"]], "asks": [["0.7214", "443"], ["0.7335", "635"], ["0.7532", "352"], ["0.8012", "331"], ["0.8306", "670"]]}
{"ts": "2026-03-08T12:05:30Z", "market_id": "will-btc-hit-100k-2026", "best_bid": "0.6336", "best_ask": "0.6834", "bids": [["0.6336", "410"], ["0.6108", "744"], ["0.5829", "190"], ["0.5978", "90"]], "asks": [["0.6834", "274"], ["0.7058", "788"], ["0.7306", "693"], ["0.751", "366"]]}
{"ts": "2026-03-08T12:05:30Z", "market_id": "will-fed-cut-rates-june", "best_bid": "0.4561", "best_ask": "0.4907", "bids": [["0.4561", "475"], ["0.4421", "424"], ["0.4161", "218"]], "asks": [["0.4907", "229"], ["0.5165", "593"], ["0.5216", "313"]]}
{"ts": "2026-03-08T12:05:30Z", "market_id": "will-trump-win-2028", "best_bid": "0.3407", "best_ask": "0.3973", "bids": [["0.3407", "396"], ["0.3213", "281"], ["0.2917", "620"], ["0.3053", "320"]], "asks": [["0.3973", "167"], ["0.4088", "742"], ["0.4565", "424"], ["0.4509", "599"]]}
{"ts": "2026-03-08T12:05:30Z", "market_id": "will-eth-flip-btc-2026", "best_bid": "0.0617", "best_ask": "0.1117", "bids": [["0.0617", "430"], ["0.0382", "684"], ["0.0286", "713"]], "asks": [["0.1117", "160"], ["0.1311", "624"], ["0.1561", "114"], ["0.1695", "359"]]}
{"ts": "2026-03-08T12:05:30Z", "market_id": "will-ai-pass-bar-exam", "best_bid": "0.6759", "best_ask": "0.7219", "bids": [["0.6759", "361"], ["0.6636", "600"], ["0.6403", "763"]], "asks": [["0.7219", "554"], ["0.7365", "188"], ["0.7567", "603"]]}
{"ts": "2026-03-08T12:06:00Z", "market_id": "will-btc-hit-100k-2026", "best_bid": "0.6238", "best_ask": "0.65", "bids": [["0.6238", "680"], ["0.595", "756"], ["0.5951", "291"], ["0.5879", "607"]], "asks": [["0.65", "467"], ["0.6656", "429"], ["0.6878", "421"], ["0.7211", "710"]]}
{"ts": "2026-03-08T12:06:00Z", "market_id": "will-fed-cut-rates-june", "best_bid": "0.4627", "best_ask": "0.497", "bids": [["0.4627", "515"], ["0.4394", "661"], ["0.4406", "178"], ["0.4203", "617"]], "asks": [["0.497", "143"], ["0.5198", "71"], ["0.5303", "628"], ["0.5768", "262"]]}
{"ts": "2026-03-08T12:06:00Z", "market_id": "will-trump-win-2028", "best_bid": "0.3465", "best_ask": "0.3758", "bids": [["0.3465", "333"], ["0.3167", "228"], ["0.3", "65"]], "asks": [["0.3758", "198"], ["0.3966", "162"], ["0.3968", "416"]]}
{"ts": "2026-03-08T12:06:00Z", "market_id": "will-eth-flip-btc-2026", "best_bid": "0.042", "best_ask": "0.0936", "bids": [["0.042", "321"], ["0.0294", "166"]], "asks": [["0.0936", "103"], ["0.112", "115"], ["0.1447", "657"]]}
{"ts": "2026-03-08T12:06:00Z", "market_id": "will-ai-pass-bar-exam", "best_bid": "0.6791", "best_ask": "0.7369", "bids": [["0.6791", "724"], ["0.6631", "81"], ["0.6192", "486"]], "asks": [["0.7369", "583"], ["0.7598", "112"], ["0.7908", "752"]]}
{"ts": "2026-03-08T12:06:30Z", "market_id": "will-btc-hit-100k-2026", "best_bid": "0.636", "best_ask": "0.6603", "bids": [["0.636", "132"], ["0.6138", "331"], ["0.5907", "382"], ["0.5463", "514"], ["0.5475", "768"]], "asks": [["0.6603", "379"], ["0.6716", "689"], ["0.7022", "440"], ["0.7221", "567"], ["0.7082", "167"]]}
{"ts": "2026-03-08T12:06:30Z", "market_id": "will-fed-cut-rates-june", "best_bid": "0.4614", "best_ask": "0.5122", "bids": [["0.4614", "283"], ["0.4447", "475"], ["0.4376", "731"], ["0.409", "535"], ["0.4141", "492"]], "asks": [["0.5122", "473"], ["0.5313", "797"], ["0.5493", "311"], ["0.5514", "118"], ["0.559", "148"]]}
{"ts": "2026-03-08T12:06:30Z", "market_id": "will-trump-win-2028", "best_bid": "0.3304", "best_ask": "0.3802", "bids": [["0.3304", "650"], ["0.3092", "470"], ["0.2755", "483"], ["0.2974", "369"]], "asks": [["0.3802", "625"], ["0.4036", "412"], ["0.4379", "788"], ["0.4275", "410"]]}
{"ts": "2026-03-08T12:06:30Z", "market_id": "will-eth-flip-btc-2026", "best_bid": "0.0736", "best_ask": "0.0998", "bids": [["0.0736", "619"], ["0.0613", "281"], ["0.0198", "686"]], "asks": [["0.0998", "426"], ["0.1154", "489"], ["0.1588", "678"], ["0.1632", "723"]]}
{"ts": "2026-03-08T12:06:30Z", "market_id": "will-ai-pass-bar-exam", "best_bid": "0.6887", "best_ask": "0.7418", "bids": [["0.6887", "366"], ["0.6716", "196"], ["0.6424", "698"], ["0.6531", "435"]], "asks": [["0.7418", "397"], ["0.7555", "629"], ["0.7646", "81"], ["0.8037", "479"]]}
{"ts": "2026-03-08T12:07:00Z", "market_id": "will-btc-hit-100k-2026", "best_bid": "0.6235", "best_ask": "0.656", "bids": [["0.6235", "136"], ["0.6104", "100"], ["0.6002", "484"], ["0.5571", "270"]], "asks": [["0.656", "103"], ["0.6811", "740"], ["0.6937", "547"], ["0.7108", "574"]]}
{"ts": "2026-03-08T12:07:00Z", "market_id": "will-fed-cut-rates-june", "best_bid": "0.4759", "best_ask": "0.5004", "bids": [["0.4759", "657"], ["0.4553", "275"], ["0.4165", "259"], ["0.3892", "311"]], "asks": [["0.5004", "548"], ["0.5166", "454"], ["0.5226", "358"], ["0.5765", "346"]]}
{"ts": "2026-03-08T12:07:00Z", "market_id": "will-trump-win-2028", "best_bid": "0.3301", "best_ask": "0.38", "bids": [["0.3301", "285"], ["0.3089", "412"], ["0.2942", "496"]], "asks": [["0.38", "562"], ["0.4033", "123"], ["0.4297", "69"]]}
{"ts": "2026-03-08T12:07:00Z", "market_id": "will-eth-flip-btc-2026", "best_bid": "0.0697", "best_ask": "0.1081", "bids": [["0.0697", "637"], ["0.0455", "167"], ["0.0489", "682"]], "asks": [["0.1081", "464"], ["0.1265", "464"], ["0.1411", "521"]]}
{"ts": "2026-03-08T12:07:00Z", "market_id": "will-ai-pass-bar-exam", "best_bid": "0.7146", "best_ask": "0.7381", "bids": [["0.7146", "586"], ["0.6966", "397"], ["0.6812", "572"]], "asks": [["0.7381", "130"], ["0.7543", "276"], ["0.7648", "698"]]}
{"ts": "2026-03-08T12:07:30Z", "market_id": "will-btc-hit-100k-2026", "best_bid": "0.5981", "best_ask": "0.6227", "bids": [["0.5981", "409"], ["0.569", "201"], ["0.574", "227"], ["0.559", "127"], ["0.482", "525"]], "asks": [["0.6227", "794"], ["0.6456", "291"], ["0.6529", "666"], ["0.6982", "231"], ["0.7129", "627"]]}
{"ts": "2026-03-08T12:07:30Z", "market_id": "will-fed-cut-rates-june", "best_bid": "0.4602", "best_ask": "0.5172", "bids": [["0.4602", "380"], ["0.4439", "530"], ["0.415", "655"], ["0.4091", "522"], ["0.4172", "343"]], "asks": [["0.5172", "692"], ["0.536", "502"], ["0.569", "107"], ["0.5516", "512"], ["0.5867", "128"]]}
{"ts": "2026-03-08T12:07:30Z", "market_id": "will-trump-win-2028", "best_bid": "0.3267", "best_ask": "0.3725", "bids": [["0.3267", "523"], ["0.3056", "92"], ["0.2703", "242"]], "asks": [["0.3725", "644"], ["0.3983", "510"], ["0.4154", "379"]]}
{"ts": "2026-03-08T12:07:30Z", "market_id": "will-eth-flip-btc-2026", "best_bid": "0.0411", "best_ask": "0.0994", "bids": [["0.0411", "401"], ["0.0294", "90"]], "asks": [["0.0994", "781"], ["0.1223", "303"], ["0.1591", "585"], ["0.1513", "446"]]}
{"ts": "2026-03-08T12:07:30Z", "market_id": "will-ai-pass-bar-exam", "best_bid": "0.7009", "best_ask": "0.7373", "bids": [["0.7009", "696"], ["0.6842", "621"], ["0.6654", "722"], ["0.6185", "646"]], "asks": [["0.7373", "712"], ["0.7539", "744"], ["0.7673", "667"], ["0.7873", "729"]]}
{"ts": "2026-03-08T12:08:00Z", "market_id": "will-btc-hit-100k-2026", "best_bid": "0.5898", "best_ask": "0.6485", "bids": [["0.5898", "775"], ["0.5736", "386"], ["0.543", "751"], ["0.5542", "570"], ["0.5484", "269"]], "asks": [["0.6485", "136"], ["0.6661", "180"], ["0.7017", "589"], ["0.7188", "420"], ["0.7133", "399"]]}
{"ts": "2026-03-08T12:08:00Z", "market_id": "will-fed-cut-rates-june", "best_bid": "0.4655", "best_ask": "0.5234", "bids": [["0.4655", "208"], ["0.4496", "569"], ["0.4121", "88"], ["0.4153", "184"]], "asks": [["0.5234", "129"], ["0.5492", "602"], ["0.5788", "727"], ["0.5994", "661"]]}
{"ts": "2026-03-08T12:08:00Z", "market_id": "will-trump-win-2028", "best_bid": "0.3208", "best_ask": "0.3741", "bids": [["0.3208", "498"], ["0.3026", "293"], ["0.2764", "509"], ["0.2588", "530"], ["0.2514", "501"]], "asks": [["0.3741", "94"], ["0.3976", "504"], ["0.4242", "289"], ["0.4227", "248"], ["0.4899", "522"]]}
{"ts": "2026-03-08T12:08:00Z", "market_id": "will-eth-flip-btc-2026", "best_bid": "0.0532", "best_ask": "0.104", "bids": [["0.0532", "215"], ["0.0272", "306"]], "asks": [["0.104", "254"], ["0.1167", "103"], ["0.1589", "155"], ["0.1649", "341"]]}
{"ts": "2026-03-08T12:08:00Z", "market_id": "will-ai-pass-bar-exam", "best_bid": "0.7052", "best_ask": "0.7432", "bids": [["0.7052", "277"], ["0.6775", "474"], ["0.6693", "445"], ["0.6527", "151"], ["0.6132", "190"]], "asks": [["0.7432", "511"], ["0.7718", "104"], ["0.7781", "133"], ["0.7749", "781"], ["0.8465", "89"]]}
{"ts": "2026-03-08T12:08:30Z", "market_id": "will-btc-hit-100k-2026", "best_bid": "0.6079", "best_ask": "0.6394", "bids": [["0.6079", "772"], ["0.5889", "131"], ["0.5777", "611"], ["0.5414", "345"]], "asks": [["0.6394", "530"], ["0.6495", "69"], ["0.6928", "794"], ["0.6948", "293"]]}
{"ts": "2026-03-08T12:08:30Z", "market_id": "will-fed-cut-rates-june", "best_bid": "0.4753", "best_ask": "0.5121", "bids": [["0.4753", "561"], ["0.4546", "638"], ["0.4265", "51"], ["0.4241", "241"], ["0.3818", "419"]], "asks": [["0.5121", "661"], ["0.5347", "297"], ["0.5437", "679"], ["0.5763", "730"], ["0.594", "119"]]}
{"ts": "2026-03-08T12:08:30Z", "market_id": "will-trump-win-2028", "best_bid": "0.3199", "best_ask": "0.378", "bids": [["0.3199", "617"], ["0.3021", "700"], ["0.2606", "66"], ["0.2426", "800"], ["0.2296", "390"]], "asks": [["0.378", "70"], ["0.3974", "446"], ["0.4082", "415"], ["0.4287", "722"], ["0.4797", "186"]]}
{"ts": "2026-03-08T12:08:30Z", "market_id": "will-eth-flip-btc-2026", "best_bid": "0.0765", "best_ask": "0.129", "bids": [["0.0765", "762"], ["0.0539", "114"], ["0.0254", "350"]], "asks": [["0.129", "540"], ["0.1553", "783"], ["0.1673", "256"]]}
{"ts": "2026-03-08T12:08:30Z", "market_id": "will-ai-pass-bar-exam", "best_bid": "0.7168", "best_ask": "0.7385", "bids": [["0.7168", "367"], ["0.6988", "534"], ["0.6953", "342"]], "asks": [["0.7385", "577"], ["0.7648", "309"], ["0.7844", "415"]]}
{"ts": "2026-03-08T12:09:00Z", "market_id": "will-btc-hit-100k-2026", "best_bid": "0.6036", "best_ask": "0.6498", "bids": [["0.6036", "459"], ["0.5757", "241"], ["0.5559", "581"], ["0.5255", "130"]], "asks": [["0.6498", "500"], ["0.6675", "558"], ["0.6845", "323"], ["0.7234", "490"]]}
{"ts": "2026-03-08T12:09:00Z", "market_id": "will-fed-cut-rates-june", "best_bid": "0.4697", "best_ask": "0.5138", "bids": [["0.4697", "131"], ["0.4465", "667"], ["0.4327", "409"]], "asks": [["0.5138", "385"], ["0.5299", "784"], ["0.5614", "507"]]}
{"ts": "2026-03-08T12:09:00Z", "market_id": "will-trump-win-2028", "best_bid": "0.3416", "best_ask": "0.3758", "bids": [["0.3416", "108"], ["0.3182", "575"], ["0.3153", "672"], ["0.2648", "118"]], "asks": [["0.3758", "126"], ["0.3939", "745"], ["0.397", "744"], ["0.4078", "291"]]}
{"ts": "2026-03-08T12:09:00Z", "market_id": "will-eth-flip-btc-2026", "best_bid": "0.0878", "best_ask": "0.139", "bids": [["0.0878", "83"], ["0.0747", "429"], ["0.0501", "190"], ["0.0358", "335"]], "asks": [["0.139", "669"], ["0.158", "430"], ["0.162", "592"], ["0.1878", "305"]]}
{"ts": "2026-03-08T12:09:00Z", "market_id": "will-ai-pass-bar-exam", "best_bid": "0.7161", "best_ask": "0.7436", "bids": [["0.7161", "318"], ["0.6921", "676"], ["0.6684", "254"], ["0.678", "226"], ["0.6405", "748"]], "asks": [["0.7436", "316"], ["0.7579", "342"], ["0.8035", "175"], ["0.778", "780"], ["0.7906", "377"]]}
{"ts": "2026-03-08T12:09:30Z", "market_id": "will-btc-hit-100k-2026", "best_bid": "0.6025", "best_ask": "0.6492", "bids": [["0.6025", "357"], ["0.5783", "703"], ["0.5507", "174"], ["0.525", "555"], ["0.5336", "528"]], "asks": [["0.6492", "211"], ["0.6778", "228"], ["0.6896", "255"], ["0.6934", "76"], ["0.735", "614"]]}
{"ts": "2026-03-08T12:09:30Z", "market_id": "will-fed-cut-rates-june", "best_bid": "0.4918", "best_ask": "0.5145", "bids": [["0.4918", "588"], ["0.4665", "125"], ["0.4329", "510"], ["0.421", "614"]], "asks": [["0.5145", "470"], ["0.5409", "178"], ["0.5602", "527"], ["0.5651", "705"]]}
{"ts": "2026-03-08T12:09:30Z", "market_id": "will-trump-win-2028", "best_bid": "0.3445", "best_ask": "0.388", "bids": [["0.3445", "106"], ["0.3241", "215"], ["0.2871", "581"]], "asks": [["0.388", "177"], ["0.4041", "380"], ["0.417", "340"]]}
{"ts": "2026-03-08T12:09:30Z", "market_id": "will-eth-flip-btc-2026", "best_bid": "0.0993", "best_ask": "0.1447", "bids": [["0.0993", "679"], ["0.0874", "656"], ["0.0731", "787"], ["0.049", "92"], ["0.0528", "640"]], "asks": [["0.1447", "596"], ["0.1675", "644"], ["0.191", "669"], ["0.2301", "79"], ["0.2606", "321"]]}
{"ts": "2026-03-08T12:09:30Z", "market_id": "will-ai-pass-bar-exam", "best_bid": "0.7006", "best_ask": "0.7466", "bids": [["0.7006", "559"], ["0.6797", "359"], ["0.6708", "465"], ["0.6434", "211"], ["0.6273", "398"]], "asks": [["0.7466", "692"], ["0.7695", "544"], ["0.7989", "354"], ["0.818", "500"], ["0.8238", "671"]]}
{"ts": "2026-03-08T12:10:00Z", "market_id": "will-btc-hit-100k-2026", "best_bid": "0.6279", "best_ask": "0.6607", "bids": [["0.6279", "429"], ["0.6067", "527"], ["0.5972", "149"], ["0.5805", "680"]], "asks": [["0.6607", "577"], ["0.6771", "175"], ["0.6906", "101"], ["0.7138", "478"]]}
{"ts": "2026-03-08T12:10:00Z", "market_id": "will-fed-cut-rates-june", "best_bid": "0.5007", "best_ask": "0.5306", "bids": [["0.5007", "788"], ["0.4869", "577"], ["0.4607", "73"]], "asks": [["0.5306", "370"], ["0.5438", "528"], ["0.563", "142"]]}
{"ts": "2026-03-08T12:10:00Z", "market_id": "will-trump-win-2028", "best_bid": "0.3425", "best_ask": "0.4012", "bids": [["0.3425", "338"], ["0.3206", "738"], ["0.3111", "160"]], "asks": [["0.4012", "556"], ["0.428", "531"], ["0.4215", "491"]]}
{"ts": "2026-03-08T12:10:00Z", "market_id": "will-eth-flip-btc-2026", "best_bid": "0.1013", "best_ask": "0.1267", "bids": [["0.1013", "424"], ["0.0833", "249"], ["0.0592", "566"], ["0.0254", "688"]], "asks": [["0.1267", "96"], ["0.1481", "421"], ["0.1496", "511"], ["0.1735", "746"]]}
{"ts": "2026-03-08T12:10:00Z", "market_id": "will-ai-pass-bar-exam", "best_bid": "0.7077", "best_ask": "0.7315", "bids": [["0.7077", "424"], ["0.6937", "562"], ["0.6858", "391"], ["0.6465", "577"]], "asks": [["0.7315", "197"], ["0.7517", "91"], ["0.757", "535"], ["0.7705", "193"]]}
{"ts": "2026-03-08T12:10:30Z", "market_id": "will-btc-hit-100k-2026", "best_bid": "0.6227", "best_ask": "0.6558", "bids": [["0.6227", "681"], ["0.6008", "571"], ["0.5831", "536"], ["0.5706", "476"], ["0.5581", "754"]], "asks": [["0.6558", "356"], ["0.676", "595"], ["0.6983", "67"], ["0.7263", "647"], ["0.7677", "694"]]}
{"ts": "2026-03-08T12:10:30Z", "market_id": "will-fed-cut-rates-june", "best_bid": "0.4953", "best_ask": "0.5539", "bids": [["0.4953", "647"], ["0.4818", "684"], ["0.4693", "82"], ["0.4084", "69"], ["0.4302", "757"]], "asks": [["0.5539", "541"], ["0.5765", "439"], ["0.6012", "636"], ["0.5905", "501"], ["0.6061", "258"]]}
{"ts": "2026-03-08T12:10:30Z", "market_id": "will-trump-win-2028", "best_bid": "0.3546", "best_ask": "0.391", "bids": [["0.3546", "794"], ["0.3305", "624"], ["0.2947", "435"], ["0.2672", "595"], ["0.2709", "788"]], "asks": [["0.391", "113"], ["0.4114", "382"], ["0.4301", "371"], ["0.4486", "400"], ["0.4851", "747"]]}
{"ts": "2026-03-08T12:10:30Z", "market_id": "will-eth-flip-btc-2026", "best_bid": "0.0727", "best_ask": "0.1171", "bids": [["0.0727", "355"], ["0.0439", "345"], ["0.0444", "374"]], "asks": [["0.1171", "280"], ["0.1467", "771"], ["0.1653", "541"]]}
{"ts": "2026-03-08T12:10:30Z", "market_id": "will-ai-pass-bar-exam", "best_bid": "0.6906", "best_ask": "0.7245", "bids": [["0.6906", "742"], ["0.673", "403"], ["0.6589", "781"], ["0.6398", "312"], ["0.6334", "327"]], "asks": [["0.7245", "606"], ["0.7541", "199"], ["0.756", "130"], ["0.7811", "540"], ["0.8308", "625"]]}
{"ts": "2026-03-08T12:11:00Z", "market_id": "will-btc-hit-100k-2026", "best_bid": "0.6142", "best_ask": "0.6589", "bids": [["0.6142", "593"], ["0.5915", "473"], ["0.5656", "190"], ["0.5264", "211"], ["0.522", "537"]], "asks": [["0.6589", "281"], ["0.6699", "388"], ["0.6829", "55"], ["0.7476", "466"], ["0.7693", "538"]]}
{"ts": "2026-03-08T12:11:00Z", "market_id": "will-fed-cut-rates-june", "best_bid": "0.4975", "best_ask": "0.5435", "bids": [["0.4975", "141"], ["0.476", "790"], ["0.441", "230"], ["0.4077", "557"]], "asks": [["0.5435", "717"], ["0.5642", "88"], ["0.5705", "87"], ["0.5973", "240"]]}
{"ts": "2026-03-08T12:11:00Z", "market_id": "will-trump-win-2028", "best_bid": "0.3561", "best_ask": "0.4131", "bids": [["0.3561", "159"], ["0.3404", "606"], ["0.3163", "566"]], "asks": [["0.4131", "393"], ["0.4429", "586"], ["0.4706", "529"]]}
{"ts": "2026-03-08T12:11:00Z", "market_id": "will-eth-flip-btc-2026", "best_bid": "0.0596", "best_ask": "0.0905", "bids": [["0.0596", "713"], ["0.0352", "395"], ["0.0169", "229"]], "asks": [["0.0905", "313"], ["0.1008", "352"], ["0.1408", "675"]]}
{"ts": "2026-03-08T12:11:00Z", "market_id": "will-ai-pass-bar-exam", "best_bid": "0.6942", "best_ask": "0.7473", "bids": [["0.6942", "147"], ["0.6646", "304"], ["0.6638", "323"], ["0.6461", "61"], ["0.6019", "113"]], "asks": [["0.7473", "239"], ["0.7668", "56"], ["0.7767", "387"], ["0.8206", "317"], ["0.8427", "733"]]}
{"ts": "2026-03-08T12:11:30Z", "market_id": "will-btc-hit-100k-2026", "best_bid": "0.5991", "best_ask": "0.6238", "bids": [["0.5991", "770"], ["0.5753", "352"], ["0.5545", "186"], ["0.5599", "670"]], "asks": [["0.6238", "368"], ["0.6466", "426"], ["0.6526", "539"], ["0.6987", "432"]]}
{"ts": "2026-03-08T12:11:30Z", "market_id": "will-fed-cut-rates-june", "best_bid": "0.4924", "best_ask": "0.5312", "bids": [["0.4924", "303"], ["0.4673", "133"], ["0.4545", "129"], ["0.4556", "567"], ["0.4065", "385"]], "asks": [["0.5312", "746"], ["0.5587", "588"], ["0.5793", "627"], ["0.6109", "257"], ["0.5832", "582"]]}
{"ts": "2026-03-08T12:11:30Z", "market_id": "will-trump-win-2028", "best_bid": "0.3689", "best_ask": "0.4066", "bids": [["0.3689", "143"], ["0.35", "185"], ["0.3323", "622"], ["0.2986", "72"], ["0.3086", "273"]], "asks": [["0.4066", "572"], ["0.4177", "575"], ["0.4492", "523"], ["0.4551", "455"], ["0.4468", "642"]]}
{"ts": "2026-03-08T12:11:30Z", "market_id": "will-eth-flip-btc-2026", "best_bid": "0.0699", "best_ask": "0.1179", "bids": [["0.0699", "120"], ["0.0592", "188"], ["0.0107", "480"], ["0.0234", "602"]], "asks": [["0.1179", "533"], ["0.136", "706"], ["0.1637", "433"], ["0.1708", "434"], ["0.235", "186"]]}
{"ts": "2026-03-08T12:11:30Z", "market_id": "will-ai-pass-bar-exam", "best_bid": "0.7023", "best_ask": "0.7485", "bids": [["0.7023", "452"], ["0.6898", "53"], ["0.6432", "786"], ["0.6469", "285"]], "asks": [["0.7485", "591"], ["0.778", "73"], ["0.787", "607"], ["0.8012", "303"]]}
{"ts": "2026-03-08T12:12:00Z", "market_id": "will-btc-hit-100k-2026", "best_bid": "0.5892", "best_ask": "0.6168", "bids": [["0.5892", "726"], ["0.5669", "66"], ["0.561", "84"], ["0.5234", "99"], ["0.49", "289"]], "asks": [["0.6168", "479"], ["0.6455", "296"], ["0.6408", "507"], ["0.689", "300"], ["0.6889", "602"]]}
{"ts": "2026-03-08T12:12:00Z", "market_id": "will-fed-cut-rates-june", "best_bid": "0.4986", "best_ask": "0.5273", "bids": [["0.4986", "289"], ["0.477", "738"], ["0.4691", "726"]], "asks": [["0.5273", "799"], ["0.5488", "378"], ["0.5823", "583"]]}
{"ts": "2026-03-08T12:12:00Z", "market_id": "will-trump-win-2028", "best_bid": "0.3773", "best_ask": "0.3998", "bids": [["0.3773", "691"], ["0.3588", "402"], ["0.3305", "376"], ["0.3223", "435"], ["0.277", "280"]], "asks": [["0.3998", "745"], ["0.4197", "708"], ["0.4512", "763"], ["0.4387", "238"], ["0.4776", "357"]]}
{"ts": "2026-03-08T12:12:00Z", "market_id": "will-eth-flip-btc-2026", "best_bid": "0.0833", "best_ask": "0.1376", "bids": [["0.0833", "625"], ["0.054", "187"], ["0.0536", "712"]], "asks": [["0.1376", "472"], ["0.1588", "447"], ["0.1658", "130"]]}
{"ts": "2026-03-08T12:12:00Z", "market_id": "will-ai-pass-bar-exam", "best_bid": "0.7306", "best_ask": "0.7543", "bids": [["0.7306", "436"], ["0.7085", "124"], ["0.6785", "737"], ["0.6876", "390"], ["0.6141", "244"]], "asks": [["0.7543", "739"], ["0.7651", "242"], ["0.7978", "622"], ["0.7969", "360"], ["0.7956", "170"]]}
{"ts": "2026-03-08T12:12:30Z", "market_id": "will-btc-hit-100k-2026", "best_bid": "0.5644", "best_ask": "0.6143", "bids": [["0.5644", "770"], ["0.5465", "379"], ["0.5292", "417"], ["0.5187", "559"]], "asks": [["0.6143", "259"], ["0.6291", "339"], ["0.6556", "365"], ["0.675", "527"]]}
{"ts": "2026-03-08T12:12:30Z", "market_id": "will-fed-cut-rates-june", "best_bid": "0.5119", "best_ask": "0.5507", "bids": [["0.5119", "473"], ["0.4906", "199"], ["0.4815", "643"], ["0.4568", "387"]], "asks": [["0.5507", "96"], ["0.5651", "66"], ["0.6081", "787"], ["0.5898", "285"]]}
{"ts": "2026-03-08T12:12:30Z", "market_id": "will-trump-win-2028", "best_bid": "0.3791", "best_ask": "0.4143", "bids": [["0.3791", "751"], ["0.364", "790"], ["0.3295", "800"]], "asks": [["0.4143", "395"], ["0.4408", "707"], ["0.4528", "410"]]}
{"ts": "2026-03-08T12:12:30Z", "market_id": "will-eth-flip-btc-2026", "best_bid": "0.1062", "best_ask": "0.1458", "bids": [["0.1062", "586"], ["0.0795", "734"], ["0.0557", "695"], ["0.0722", "273"], ["0.0298", "703"]], "asks": [["0.1458", "84"], ["0.1573", "99"], ["0.1823", "286"], ["0.1848", "567"], ["0.1906", "732"]]}
{"ts": "2026-03-08T12:12:30Z", "market_id": "will-ai-pass-bar-exam", "best_bid": "0.7278", "best_ask": "0.7851", "bids": [["0.7278", "594"], ["0.7095", "789"], ["0.6863", "564"], ["0.6573", "233"]], "asks": [["0.7851", "614"], ["0.7955", "331"], ["0.8166", "764"], ["0.8635", "159"]]}
{"ts": "2026-03-08T12:13:00Z", "market_id": "will-btc-hit-100k-2026", "best_bid": "0.5904", "best_ask": "0.6201", "bids": [["0.5904", "323"], ["0.5789", "520"], ["0.5607", "357"], ["0.5108", "715"], ["0.543", "615"]], "asks": [["0.6201", "456"], ["0.6493", "628"], ["0.668", "750"], ["0.6549", "82"], ["0.6904", "537"]]}
{"ts": "2026-03-08T12:13:00Z", "market_id": "will-fed-cut-rates-june", "best_bid": "0.5154", "best_ask": "0.5376", "bids": [["0.5154", "494"], ["0.4897", "147"], ["0.4586", "758"]], "asks": [["0.5376", "710"], ["0.5589", "590"], ["0.5668", "630"]]}
{"ts": "2026-03-08T12:13:00Z", "market_id": "will-trump-win-2028", "best_bid": "0.3837", "best_ask": "0.4067", "bids": [["0.3837", "83"], ["0.3551", "262"], ["0.3579", "457"], ["0.3358", "630"]], "asks": [["0.4067", "233"], ["0.423", "651"], ["0.4595", "128"], ["0.4705", "448"]]}
{"ts": "2026-03-08T12:13:00Z", "market_id": "will-eth-flip-btc-2026", "best_bid": "0.1034", "best_ask": "0.1505", "bids": [["0.1034", "193"], ["0.0789", "404"], ["0.0795", "127"], ["0.0371", "659"]], "asks": [["0.1505", "755"], ["0.1705", "104"], ["0.1798", "398"], ["0.2173", "456"], ["0.2166", "329"]]}
{"ts": "2026-03-08T12:13:00Z", "market_id": "will-ai-pass-bar-exam", "best_bid": "0.7442", "best_ask": "0.7733", "bids": [["0.7442", "746"], ["0.721", "683"], ["0.6923", "134"], ["0.7049", "699"], ["0.645", "159"]], "asks": [["0.7733", "649"], ["0.785", "352"], ["0.8218", "324"], ["0.846", "207"], ["0.8386", "143"]]}
{"ts": "2026-03-08T12:13:30Z", "market_id": "will-btc-hit-100k-2026", "best_bid": "0.5791", "best_ask": "0.5993", "bids": [["0.5791", "154"], ["0.5674", "620"], ["0.5386", "141"], ["0.5158", "382"]], "asks": [["0.5993", "185"], ["0.6179", "618"], ["0.6234", "412"], ["0.6651", "444"]]}
{"ts": "2026-03-08T12:13:30Z", "market_id": "will-fed-cut-rates-june", "best_bid": "0.5091", "best_ask": "0.5603", "bids": [["0.5091", "298"], ["0.4887", "223"], ["0.4784", "199"], ["0.4691", "356"], ["0.4065", "302"]], "asks": [["0.5603", "635"], ["0.584", "192"], ["0.591", "114"], ["0.6069", "545"], ["0.6292", "788"]]}
{"ts": "2026-03-08T12:13:30Z", "market_id": "will-trump-win-2028", "best_bid": "0.3731", "best_ask": "0.4181", "bids": [["0.3731", "188"], ["0.363", "685"], ["0.3209", "392"], ["0.2942", "658"], ["0.3091", "761"]], "asks": [["0.4181", "361"], ["0.436", "439"], ["0.4513", "490"], ["0.4997", "189"], ["0.5064", "255"]]}
{"ts": "2026-03-08T12:13:30Z", "market_id": "will-eth-flip-btc-2026", "best_bid": "0.0966", "best_ask": "0.1325", "bids": [["0.0966", "552"], ["0.0709", "337"], ["0.062", "254"]], "asks": [["0.1325", "639"], ["0.149", "452"], ["0.1898", "656"], ["0.1733", "77"]]}
{"ts": "2026-03-08T12:13:30Z", "market_id": "will-ai-pass-bar-exam", "best_bid": "0.7305", "best_ask": "0.7886", "bids": [["0.7305", "348"], ["0.7191", "468"], ["0.6905", "297"], ["0.661", "436"]], "asks": [["0.7886", "759"], ["0.8156", "739"], ["0.834", "308"], ["0.8615", "125"]]}
{"ts": "2026-03-08T12:14:00Z", "market_id": "will-btc-hit-100k-2026", "best_bid": "0.5483", "best_ask": "0.5916", "bids": [["0.5483", "758"], ["0.5275", "418"], ["0.4925", "703"], ["0.5118", "730"], ["0.495", "626"]], "asks": [["0.5916", "478"], ["0.6174", "768"], ["0.6331", "137"], ["0.6365", "413"], ["0.6806", "710"]]}
{"ts": "2026-03-08T12:14:00Z", "market_id": "will-fed-cut-rates-june", "best_bid": "0.5146", "best_ask": "0.5617", "bids": [["0.5146", "490"], ["0.5044", "572"], ["0.4723", "276"], ["0.4621", "745"]], "asks": [["0.5617", "158"], ["0.5768", "581"], ["0.6092", "506"], ["0.6195", "652"]]}
{"ts": "2026-03-08T12:14:00Z", "market_id": "will-trump-win-2028", "best_bid": "0.3646", "best_ask": "0.4245", "bids": [["0.3646", "137"], ["0.338", "406"], ["0.3309", "583"], ["0.3137", "789"]], "asks": [["0.4245", "168"], ["0.4491", "369"], ["0.4759", "544"], ["0.4604", "763"]]}
{"ts": "2026-03-08T12:14:00Z", "market_id": "will-eth-flip-btc-2026", "best_bid": "0.0849", "best_ask": "0.123", "bids": [["0.0849", "167"], ["0.0579", "743"], ["0.0277", "578"]], "asks": [["0.123", "73"], ["0.1459", "218"], ["0.1726", "228"]]}
{"ts": "2026-03-08T12:14:00Z", "market_id": "will-ai-pass-bar-exam", "best_bid": "0.7325", "best_ask": "0.7696", "bids": [["0.7325", "238"], ["0.7097", "79"], ["0.6772", "489"], ["0.7023", "335"]], "asks": [["0.7696", "240"], ["0.7882", "678"], ["0.8076", "448"], ["0.8125", "770"]]}
{"ts": "2026-03-08T12:14:30Z", "market_id": "will-btc-hit-100k-2026", "best_bid": "0.5395", "best_ask": "0.5918", "bids": [["0.5395", "599"], ["0.5222", "166"], ["0.4927", "704"]], "asks": [["0.5918", "241"], ["0.6058", "318"], ["0.6314", "370"]]}
{"ts": "2026-03-08T12:14:30Z", "market_id": "will-fed-cut-rates-june", "best_bid": "0.5074", "best_ask": "0.5508", "bids": [["0.5074", "226"], ["0.4832", "679"], ["0.484", "170"], ["0.459", "760"]], "asks": [["0.5508", "739"], ["0.5668", "654"], ["0.5762", "294"], ["0.5918", "194"]]}
{"ts": "2026-03-08T12:14:30Z", "market_id": "will-trump-win-2028", "best_bid": "0.3704", "best_ask": "0.4108", "bids": [["0.3704", "483"], ["0.3507", "710"], ["0.3282", "193"], ["0.3215", "104"]], "asks": [["0.4108", "240"], ["0.4316", "227"], ["0.4504", "241"], ["0.4679", "417"]]}
{"ts": "2026-03-08T12:14:30Z", "market_id": "will-eth-flip-btc-2026", "best_bid": "0.112", "best_ask": "0.1398", "bids": [["0.112", "556"], ["0.0883", "504"], ["0.0853", "275"], ["0.08", "345"]], "asks": [["0.1398", "468"], ["0.1581", "550"], ["0.1824", "349"], ["0.1833", "222"]]}
{"ts": "2026-03-08T12:14:30Z", "market_id": "will-ai-pass-bar-exam", "best_bid": "0.722", "best_ask": "0.7733", "bids": [["0.722", "612"], ["0.7098", "606"], ["0.6803", "786"], ["0.6592", "154"], ["0.6219", "83"]], "asks": [["0.7733", "573"], ["0.7855", "425"], ["0.8235", "501"], ["0.8626", "719"], ["0.8371", "510"]]}
{"ts": "2026-03-08T12:15:00Z", "market_id": "will-btc-hit-100k-2026", "best_bid": "0.5515", "best_ask": "0.575", "bids": [["0.5515", "652"], ["0.5345", "697"], ["0.5249", "261"]], "asks": [["0.575", "755"], ["0.5992", "488"], ["0.6006", "261"]]}
{"ts": "2026-03-08T12:15:00Z", "market_id": "will-fed-cut-rates-june", "best_bid": "0.5189", "best_ask": "0.5711", "bids": [["0.5189", "601"], ["0.5024", "346"], ["0.4882", "745"], ["0.4807", "471"], ["0.3995", "179"]], "asks": [["0.5711", "222"], ["0.5952", "636"], ["0.6254", "147"], ["0.6461", "110"], ["0.6805", "768"]]}
{"ts": "2026-03-08T12:15:00Z", "market_id": "will-trump-win-2028", "best_bid": "0.3689", "best_ask": "0.4174", "bids": [["0.3689", "551"], ["0.3474", "474"], ["0.3308", "145"]], "asks": [["0.4174", "195"], ["0.4327", "434"], ["0.4627", "462"]]}
{"ts": "2026-03-08T12:15:00Z", "market_id": "will-eth-flip-btc-2026", "best_bid": "0.0943", "best_ask": "0.1349", "bids": [["0.0943", "515"], ["0.0777", "800"], ["0.045", "730"], ["0.0428", "597"]], "asks": [["0.1349", "549"], ["0.1449", "145"], ["0.1732", "764"], ["0.1687", "457"]]}
{"ts": "2026-03-08T12:15:00Z", "market_id": "will-ai-pass-bar-exam", "best_bid": "0.7355", "best_ask": "0.764", "bids": [["0.7355", "610"], ["0.7229", "401"], ["0.685", "691"], ["0.7046", "211"]], "asks": [["0.764", "641"], ["0.7911", "748"], ["0.7858", "520"], ["0.8498", "501"]]}
{"ts": "2026-03-08T12:15:30Z", "market_id": "will-btc-hit-100k-2026", "best_bid": "0.5597", "best_ask": "0.598", "bids": [["0.5597", "185"], ["0.5437", "330"], ["0.5135", "430"], ["0.4755", "455"]], "asks": [["0.598", "715"], ["0.6255", "145"], ["0.628", "730"], ["0.6379", "690"]]}
{"ts": "2026-03-08T12:15:30Z", "market_id": "will-fed-cut-rates-june", "best_bid": "0.5261", "best_ask": "0.5554", "bids": [["0.5261", "268"], ["0.5145", "581"], ["0.4883", "401"], ["0.4368", "185"], ["0.4804", "798"]], "asks": [["0.5554", "538"], ["0.5773", "746"], ["0.5757", "173"], ["0.6108", "539"], ["0.6261", "154"]]}
{"ts": "2026-03-08T12:15:30Z", "market_id": "will-trump-win-2028", "best_bid": "0.3884", "best_ask": "0.4125", "bids": [["0.3884", "186"], ["0.3585", "593"], ["0.368", "500"], ["0.315", "205"]], "asks": [["0.4125", "706"], ["0.4254", "626"], ["0.4585", "409"], ["0.4802", "471"]]}
{"ts": "2026-03-08T12:15:30Z", "market_id": "will-eth-flip-btc-2026", "best_bid": "0.0841", "best_ask": "0.1128", "bids": [["0.0841", "797"], ["0.0671", "193"], ["0.053", "616"]], "asks": [["0.1128", "443"], ["0.1314", "303"], ["0.1362", "665"]]}
{"ts": "2026-03-08T12:15:30Z", "market_id": "will-ai-pass-bar-exam", "best_bid": "0.7206", "best_ask": "0.7646", "bids": [["0.7206", "77"], ["0.693", "671"], ["0.693", "711"], ["0.6435", "295"], ["0.6497", "703"]], "asks": [["0.7646", "724"], ["0.7787", "571"], ["0.8002", "105"], ["0.8422", "556"], ["0.8238", "658"]]}
{"ts": "2026-03-08T12:16:00Z", "market_id": "will-btc-hit-100k-2026", "best_bid": "0.597", "best_ask": "0.6174", "bids": [["0.597", "632"], ["0.5796", "532"], ["0.5763", "318"], ["0.5646", "457"]], "asks": [["0.6174", "480"], ["0.6411", "124"], ["0.6401", "270"], ["0.6511", "568"]]}
{"ts": "2026-03-08T12:16:00Z", "market_id": "will-fed-cut-rates-june", "best_bid": "0.5322", "best_ask": "0.5637", "bids": [["0.5322", "768"], ["0.5206", "680"], ["0.5011", "573"], ["0.4438", "384"], ["0.4453", "715"]], "asks": [["0.5637", "461"], ["0.5844", "206"], ["0.5961", "258"], ["0.603", "450"], ["0.6648", "747"]]}
{"ts": "2026-03-08T12:16:00Z", "market_id": "will-trump-win-2028", "best_bid": "0.379", "best_ask": "0.4165", "bids": [["0.379", "494"], ["0.3599", "366"], ["0.3293", "172"]], "asks": [["0.4165", "168"], ["0.4387", "732"], ["0.4661", "62"]]}
{"ts": "2026-03-08T12:16:00Z", "market_id": "will-eth-flip-btc-2026", "best_bid": "0.0608", "best_ask": "0.1091", "bids": [["0.0608", "405"], ["0.0405", "315"], ["0.0259", "325"]], "asks": [["0.1091", "585"], ["0.1356", "220"], ["0.1591", "800"], ["0.1854", "393"], ["0.1709", "319"]]}
{"ts": "2026-03-08T12:16:00Z", "market_id": "will-ai-pass-bar-exam", "best_bid": "0.7279", "best_ask": "0.751", "bids": [["0.7279", "630"], ["0.7106", "155"], ["0.681", "571"], ["0.6953", "300"]], "asks": [["0.751", "220"], ["0.7661", "637"], ["0.7756", "52"], ["0.8328", "97"]]}
{"ts": "2026-03-08T12:16:30Z", "market_id": "will-btc-hit-100k-2026", "best_bid": "0.5686", "best_ask": "0.6075", "bids": [["0.5686", "86"], ["0.5426", "721"], ["0.5397", "787"], ["0.5224", "431"]], "asks": [["0.6075", "616"], ["0.6318", "479"], ["0.6374", "377"], ["0.6422", "172"]]}
{"ts": "2026-03-08T12:16:30Z", "market_id": "will-fed-cut-rates-june", "best_bid": "0.5172", "best_ask": "0.5443", "bids": [["0.5172", "120"], ["0.4898", "368"], ["0.4937", "427"], ["0.4697", "687"], ["0.44", "555"]], "asks": [["0.5443", "526"], ["0.5698", "385"], ["0.5826", "255"], ["0.6214", "298"], ["0.6317", "250"]]}
{"ts": "2026-03-08T12:16:30Z", "market_id": "will-trump-win-2028", "best_bid": "0.373", "best_ask": "0.4223", "bids": [["0.373", "56"], ["0.3625", "701"], ["0.3179", "51"], ["0.3204", "364"], ["0.3165", "479"]], "asks": [["0.4223", "469"], ["0.4431", "760"], ["0.4803", "723"], ["0.4965", "156"], ["0.5409", "553"]]}
{"ts": "2026-03-08T12:16:30Z", "market_id": "will-eth-flip-btc-2026", "best_bid": "0.1242", "best_ask": "0.1499", "bids": [["0.1242", "582"], ["0.1002", "136"], ["0.1003", "453"], ["0.0587", "728"]], "asks": [["0.1499", "472"], ["0.1673", "644"], ["0.1752", "126"], ["0.1836", "183"]]}
{"ts": "2026-03-08T12:16:30Z", "market_id": "will-ai-pass-bar-exam", "best_bid": "0.7183", "best_ask": "0.7477", "bids": [["0.7183", "452"], ["0.6916", "513"], ["0.6889", "189"], ["0.6817", "510"]], "asks": [["0.7477", "767"], ["0.7643", "328"], ["0.8055", "648"], ["0.7841", "527"]]}
{"ts": "2026-03-08T12:17:00Z", "market_id": "will-btc-hit-100k-2026", "best_bid": "0.5679", "best_ask": "0.6023", "bids": [["0.5679", "172"], ["0.5548", "771"], ["0.5238", "385"]], "asks": [["0.6023", "142"], ["0.626", "763"], ["0.6309", "201"]]}
{"ts": "2026-03-08T12:17:00Z", "market_id": "will-fed-cut-rates-june", "best_bid": "0.5226", "best_ask": "0.5463", "bids": [["0.5226", "100"], ["0.5067", "228"], ["0.4646", "619"]], "asks": [["0.5463", "743"], ["0.5727", "81"], ["0.6005", "613"]]}
{"ts": "2026-03-08T12:17:00Z", "market_id": "will-trump-win-2028", "best_bid": "0.3715", "best_ask": "0.4237", "bids": [["0.3715", "277"], ["0.3576", "752"], ["0.314", "650"]], "asks": [["0.4237", "183"], ["0.4417", "695"], ["0.4471", "315"]]}
{"ts": "2026-03-08T12:17:00Z", "market_id": "will-eth-flip-btc-2026", "best_bid": "0.1309", "best_ask": "0.1876", "bids": [["0.1309", "711"], ["0.1048", "389"], ["0.1092", "222"]], "asks": [["0.1876", "504"], ["0.1995", "175"], ["0.2261", "637"]]}
{"ts": "2026-03-08T12:17:00Z", "market_id": "will-ai-pass-bar-exam", "best_bid": "0.6984", "best_ask": "0.7383", "bids": [["0.6984", "269"], ["0.6829", "202"], ["0.6539", "712"], ["0.6385", "540"]], "asks": [["0.7383", "241"], ["0.7572", "85"], ["0.783", "352"], ["0.8212", "112"]]}
{"ts": "2026-03-08T12:17:30Z", "market_id": "will-btc-hit-100k-2026", "best_bid": "0.5832", "best_ask": "0.6067", "bids": [["0.5832", "588"], ["0.5606", "69"], ["0.5319", "607"], ["0.5325", "379"]], "asks": [["0.6067", "305"], ["0.6327", "441"], ["0.641", "546"], ["0.6706", "447"]]}
{"ts": "2026-03-08T12:17:30Z", "market_id": "will-fed-cut-rates-june", "best_bid": "0.5123", "best_ask": "0.5562", "bids": [["0.5123", "109"], ["0.4917", "288"], ["0.4883", "322"]], "asks": [["0.5562", "533"], ["0.5815", "213"], ["0.6025", "596"]]}
{"ts": "2026-03-08T12:17:30Z", "market_id": "will-trump-win-2028", "best_bid": "0.3724", "best_ask": "0.4251", "bids": [["0.3724", "274"], ["0.3455", "413"], ["0.3454", "764"], ["0.2876", "767"], ["0.2566", "626"]], "asks": [["0.4251", "639"], ["0.451", "227"], ["0.4688", "417"], ["0.4568", "410"], ["0.5102", "242"]]}
{"ts": "2026-03-08T12:17:30Z", "market_id": "will-eth-flip-btc-2026", "best_bid": "0.1488", "best_ask": "0.2076", "bids": [["0.1488", "142"], ["0.1341", "589"], ["0.1288", "256"], ["0.0983", "381"], ["0.107", "195"]], "asks": [["0.2076", "107"], ["0.222", "539"], ["0.2643", "183"], ["0.2482", "110"], ["0.2945", "163"]]}
{"ts": "2026-03-08T12:17:30Z", "market_id": "will-ai-pass-bar-exam", "best_bid": "0.6758", "best_ask": "0.7297", "bids": [["0.6758", "728"], ["0.6541", "380"], ["0.6168", "497"], ["0.5882", "228"]], "asks": [["0.7297", "455"], ["0.7464", "189"], ["0.779", "704"], ["0.7986", "774"]]}
{"ts": "2026-03-08T12:18:00Z", "market_id": "will-btc-hit-100k-2026", "best_bid": "0.589", "best_ask": "0.6461", "bids": [["0.589", "229"], ["0.5728", "180"], ["0.5398", "636"], ["0.5079", "631"]], "asks": [["0.6461", "437"], ["0.6699", "231"], ["0.7041", "450"], ["0.7224", "83"]]}
{"ts": "2026-03-08T12:18:00Z", "market_id": "will-fed-cut-rates-june", "best_bid": "0.5182", "best_ask": "0.5455", "bids": [["0.5182", "276"], ["0.4969", "194"], ["0.4684", "377"], ["0.45", "775"]], "asks": [["0.5455", "704"], ["0.5742", "389"], ["0.575", "221"], ["0.6333", "736"]]}
{"ts": "2026-03-08T12:18:00Z", "market_id": "will-trump-win-2028", "best_bid": "0.3731", "best_ask": "0.411", "bids": [["0.3731", "408"], ["0.3474", "99"], ["0.3356", "220"], ["0.3135", "609"]], "asks": [["0.411", "312"], ["0.4354", "445"], ["0.4478", "473"], ["0.4637", "434"]]}
{"ts": "2026-03-08T12:18:00Z", "market_id": "will-eth-flip-btc-2026", "best_bid": "0.1342", "best_ask": "0.1582", "bids": [["0.1342", "753"], ["0.1209", "84"], ["0.1134", "157"], ["0.0836", "214"]], "asks": [["0.1582", "280"], ["0.1697", "351"], ["0.1887", "125"], ["0.2415", "799"]]}
{"ts": "2026-03-08T12:18:00Z", "market_id": "will-ai-pass-bar-exam", "best_bid": "0.6944", "best_ask": "0.7536", "bids": [["0.6944", "544"], ["0.6838", "218"], ["0.6389", "153"], ["0.6521", "763"]], "asks": [["0.7536", "771"], ["0.7824", "671"], ["0.7799", "389"], ["0.795", "617"]]}
{"ts": "2026-03-08T12:18:30Z", "market_id": "will-btc-hit-100k-2026", "best_bid": "0.6093", "best_ask": "0.6582", "bids": [["0.6093", "354"], ["0.5974", "612"], ["0.5832", "487"], ["0.5617", "664"], ["0.5534", "224"]], "asks": [["0.6582", "293"], ["0.6761", "552"], ["0.6927", "139"], ["0.728", "541"], ["0.7003", "703"]]}
{"ts": "2026-03-08T12:18:30Z", "market_id": "will-fed-cut-rates-june", "best_bid": "0.5041", "best_ask": "0.5579", "bids": [["0.5041", "726"], ["0.4923", "239"], ["0.4487", "506"], ["0.4583", "281"]], "asks": [["0.5579", "321"], ["0.5787", "429"], ["0.5926", "95"], ["0.6158", "325"]]}
{"ts": "2026-03-08T12:18:30Z", "market_id": "will-trump-win-2028", "best_bid": "0.3728", "best_ask": "0.4153", "bids": [["0.3728", "137"], ["0.3559", "653"], ["0.3306", "585"]], "asks": [["0.4153", "734"], ["0.4362", "282"], ["0.469", "478"]]}
{"ts": "2026-03-08T12:18:30Z", "market_id": "will-eth-flip-btc-2026", "best_bid": "0.1472", "best_ask": "0.2047", "bids": [["0.1472", "130"], ["0.1192", "564"], ["0.0912", "743"], ["0.1084", "509"], ["0.0313", "266"]], "asks": [["0.2047", "454"], ["0.229", "634"], ["0.2567", "685"], ["0.2916", "227"], ["0.2581", "247"]]}
{"ts": "2026-03-08T12:18:30Z", "market_id": "will-ai-pass-bar-exam", "best_bid": "0.7082", "best_ask": "0.7333", "bids": [["0.7082", "256"], ["0.6953", "377"], ["0.6516", "447"], ["0.6544", "332"]], "asks": [["0.7333", "692"], ["0.7552", "794"], ["0.7559", "619"], ["0.7828", "582"]]}
{"ts": "2026-03-08T12:19:00Z", "market_id": "will-btc-hit-100k-2026", "best_bid": "0.5786", "best_ask": "0.6301", "bids": [["0.5786", "165"], ["0.5656", "646"], ["0.5216", "153"], ["0.4966", "470"], ["0.508", "673"]], "asks": [["0.6301", "474"], ["0.6514", "152"], ["0.6726", "342"], ["0.7129", "320"], ["0.7089", "534"]]}
{"ts": "2026-03-08T12:19:00Z", "market_id": "will-fed-cut-rates-june", "best_bid": "0.5245", "best_ask": "0.546", "bids": [["0.5245", "747"], ["0.5064", "389"], ["0.495", "325"], ["0.4932", "360"]], "asks": [["0.546", "760"], ["0.5639", "757"], ["0.5958", "431"], ["0.625", "368"]]}
{"ts": "2026-03-08T12:19:00Z", "market_id": "will-trump-win-2028", "best_bid": "0.369", "best_ask": "0.4169", "bids": [["0.369", "357"], ["0.3436", "796"], ["0.3248", "502"]], "asks": [["0.4169", "503"], ["0.4333", "476"], ["0.4405", "266"]]}
{"ts": "2026-03-08T12:19:00Z", "market_id": "will-eth-flip-btc-2026", "best_bid": "0.1705", "best_ask": "0.2271", "bids": [["0.1705", "432"], ["0.1502", "368"], ["0.1303", "586"], ["0.1388", "255"]], "asks": [["0.2271", "107"], ["0.2403", "776"], ["0.2525", "632"], ["0.2686", "109"]]}
{"ts": "2026-03-08T12:19:00Z", "market_id": "will-ai-pass-bar-exam", "best_bid": "0.6924", "best_ask": "0.7491", "bids": [["0.6924", "525"], ["0.6745", "747"], ["0.6627", "506"], ["0.6048", "614"], ["0.6249", "314"]], "asks": [["0.7491", "567"], ["0.7776", "81"], ["0.7887", "231"], ["0.8076", "408"], ["0.8561", "755"]]}
{"ts": "2026-03-08T12:19:30Z", "market_id": "will-btc-hit-100k-2026", "best_bid": "0.6091", "best_ask": "0.6327", "bids": [["0.6091", "635"], ["0.582", "743"], ["0.5783", "70"]], "asks": [["0.6327", "269"], ["0.6557", "261"], ["0.6691", "748"]]}
{"ts": "2026-03-08T12:19:30Z", "market_id": "will-fed-cut-rates-june", "best_bid": "0.5298", "best_ask": "0.5757", "bids": [["0.5298", "672"], ["0.5056", "331"], ["0.474", "520"], ["0.4868", "583"], ["0.4581", "573"]], "asks": [["0.5757", "362"], ["0.5999", "483"], ["0.6298", "308"], ["0.6239", "688"], ["0.6239", "728"]]}
{"ts": "2026-03-08T12:19:30Z", "market_id": "will-trump-win-2028", "best_bid": "0.3642", "best_ask": "0.4229", "bids": [["0.3642", "339"], ["0.3406", "394"], ["0.3186", "317"], ["0.2916", "355"]], "asks": [["0.4229", "355"], ["0.4425", "333"], ["0.4774", "721"], ["0.5064", "242"]]}
{"ts": "2026-03-08T12:19:30Z", "market_id": "will-eth-flip-btc-2026", "best_bid": "0.1908", "best_ask": "0.2468", "bids": [["0.1908", "193"], ["0.1803", "352"], ["0.1346", "86"], ["0.1184", "244"], ["0.0927", "597"]], "asks": [["0.2468", "788"], ["0.2668", "315"], ["0.283", "647"], ["0.3112", "401"], ["0.3046", "703"]]}
{"ts": "2026-03-08T12:19:30Z", "market_id": "will-ai-pass-bar-exam", "best_bid": "0.7089", "best_ask": "0.7602", "bids": [["0.7089", "224"], ["0.6813", "149"], ["0.6837", "622"], ["0.622", "720"], ["0.6511", "364"]], "asks": [["0.7602", "723"], ["0.7739", "532"], ["0.7906", "237"], ["0.8442", "141"], ["0.8181", "480"]]}
{"ts": "2026-03-08T12:20:00Z", "market_id": "will-btc-hit-100k-2026", "best_bid": "0.6089", "best_ask": "0.6393", "bids": [["0.6089", "104"], ["0.5872", "122"], ["0.5533", "747"], ["0.5471", "204"]], "asks": [["0.6393", "699"], ["0.6682", "533"], ["0.6793", "440"], ["0.6941", "190"]]}
{"ts": "2026-03-08T12:20:00Z", "market_id": "will-fed-cut-rates-june", "best_bid": "0.516", "best_ask": "0.5757", "bids": [["0.516", "518"], ["0.4996", "132"], ["0.4827", "370"], ["0.4825", "264"]], "asks": [["0.5757", "196"], ["0.6", "549"], ["0.6351", "699"], ["0.6328", "222"]]}
{"ts": "2026-03-08T12:20:00Z", "market_id": "will-trump-win-2028", "best_bid": "0.3653", "best_ask": "0.4167", "bids": [["0.3653", "489"], ["0.3467", "54"], ["0.3239", "64"]], "asks": [["0.4167", "463"], ["0.4362", "88"], ["0.4659", "379"]]}
{"ts": "2026-03-08T12:20:00Z", "market_id": "will-eth-flip-btc-2026", "best_bid": "0.1883", "best_ask": "0.2386", "bids": [["0.1883", "691"], ["0.1738", "369"], ["0.1642", "363"], ["0.1544", "347"], ["0.0901", "395"]], "asks": [["0.2386", "304"], ["0.2661", "182"], ["0.2787", "221"], ["0.2713", "516"], ["0.3263", "494"]]}
{"ts": "2026-03-08T12:20:00Z", "market_id": "will-ai-pass-bar-exam", "best_bid": "0.7427", "best_ask": "0.7765", "bids": [["0.7427", "463"], ["0.7282", "184"], ["0.6934", "223"], ["0.6907", "88"]], "asks": [["0.7765", "69"], ["0.801", "266"], ["0.82", "176"], ["0.8455", "434"]]}
{"ts": "2026-03-08T12:20:30Z", "market_id": "will-btc-hit-100k-2026", "best_bid": "0.5647", "best_ask": "0.6197", "bids": [["0.5647", "658"], ["0.5414", "70"], ["0.5171", "439"], ["0.5018", "206"]], "asks": [["0.6197", "99"], ["0.6428", "99"], ["0.6564", "176"], ["0.6782", "260"]]}
{"ts": "2026-03-08T12:20:30Z", "market_id": "will-fed-cut-rates-june", "best_bid": "0.526", "best_ask": "0.558", "bids": [["0.526", "687"], ["0.502", "157"], ["0.4772", "166"], ["0.4661", "319"], ["0.4081", "469"]], "asks": [["0.558", "670"], ["0.5764", "573"], ["0.5827", "158"], ["0.6246", "585"], ["0.6267", "352"]]}
{"ts": "2026-03-08T12:20:30Z", "market_id": "will-trump-win-2028", "best_bid": "0.3711", "best_ask": "0.3975", "bids": [["0.3711", "542"], ["0.3564", "141"], ["0.3177", "202"], ["0.2943", "790"], ["0.2587", "517"]], "asks": [["0.3975", "388"], ["0.4078", "163"], ["0.4443", "142"], ["0.432", "153"], ["0.4891", "353"]]}
{"ts": "2026-03-08T12:20:30Z", "market_id": "will-eth-flip-btc-2026", "best_bid": "0.1866", "best_ask": "0.2391", "bids": [["0.1866", "743"], ["0.1681", "96"], ["0.1325", "224"]], "asks": [["0.2391", "370"], ["0.2514", "59"], ["0.2856", "386"]]}
{"ts": "2026-03-08T12:20:30Z", "market_id": "will-ai-pass-bar-exam", "best_bid": "0.7456", "best_ask": "0.7799", "bids": [["0.7456", "800"], ["0.7282", "166"], ["0.7096", "444"], ["0.6646", "714"]], "asks": [["0.7799", "145"], ["0.7968", "460"], ["0.8182", "756"], ["0.8579", "220"]]}
{"ts": "2026-03-08T12:21:00Z", "market_id": "will-btc-hit-100k-2026", "best_bid": "0.5986", "best_ask": "0.6209", "bids": [["0.5986", "544"], ["0.575", "438"], ["0.5541", "794"]], "asks": [["0.6209", "632"], ["0.6345", "417"], ["0.6754", "183"]]}
{"ts": "2026-03-08T12:21:00Z", "market_id": "will-fed-cut-rates-june", "best_bid": "0.5304", "best_ask": "0.5697", "bids": [["0.5304", "97"], ["0.5152", "771"], ["0.4894", "791"], ["0.487", "396"]], "asks": [["0.5697", "114"], ["0.586", "744"], ["0.6195", "628"], ["0.6571", "581"]]}
{"ts": "2026-03-08T12:21:00Z", "market_id": "will-trump-win-2028", "best_bid": "0.3647", "best_ask": "0.3885", "bids": [["0.3647", "729"], ["0.3419", "621"], ["0.3426", "210"], ["0.2838", "219"], ["0.2646", "388"]], "asks": [["0.3885", "742"], ["0.4015", "677"], ["0.4343", "567"], ["0.4697", "126"], ["0.4542", "334"]]}
{"ts": "2026-03-08T12:21:00Z", "market_id": "will-eth-flip-btc-2026", "best_bid": "0.1974", "best_ask": "0.2194", "bids": [["0.1974", "290"], ["0.1782", "508"], ["0.1431", "171"]], "asks": [["0.2194", "130"], ["0.2454", "140"], ["0.2572", "559"]]}
{"ts": "2026-03-08T12:21:00Z", "market_id": "will-ai-pass-bar-exam", "best_bid": "0.7447", "best_ask": "0.7808", "bids": [["0.7447", "143"], ["0.7154", "570"], ["0.7164", "399"]], "asks": [["0.7808", "668"], ["0.8036", "625"], ["0.8277", "422"]]}
{"ts": "2026-03-08T12:21:30Z", "market_id": "will-btc-hit-100k-2026", "best_bid": "0.5804", "best_ask": "0.6334", "bids": [["0.5804", "684"], ["0.5609", "783"], ["0.5558", "277"]], "asks": [["0.6334", "664"], ["0.6566", "513"], ["0.6838", "52"]]}
{"ts": "2026-03-08T12:21:30Z", "market_id": "will-fed-cut-rates-june", "best_bid": "0.5126", "best_ask": "0.5712", "bids": [["0.5126", "158"], ["0.4847", "784"], ["0.4762", "250"], ["0.4754", "270"]], "asks": [["0.5712", "96"], ["0.591", "788"], ["0.6013", "242"], ["0.6523", "518"]]}
{"ts": "2026-03-08T12:21:30Z", "market_id": "will-trump-win-2028", "best_bid": "0.3581", "best_ask": "0.411", "bids": [["0.3581", "474"], ["0.3295", "652"], ["0.3072", "724"]], "asks": [["0.411", "97"], ["0.4378", "176"], ["0.4491", "653"]]}
{"ts": "2026-03-08T12:21:30Z", "market_id": "will-eth-flip-btc-2026", "best_bid": "0.1987", "best_ask": "0.2387", "bids": [["0.1987", "493"], ["0.1791", "231"], ["0.1556", "181"], ["0.1455", "379"], ["0.0882", "673"]], "asks": [["0.2387", "649"], ["0.2589", "758"], ["0.2879", "156"], ["0.3047", "566"], ["0.3122", "759"]]}
{"ts": "2026-03-08T12:21:30Z", "market_id": "will-ai-pass-bar-exam", "best_bid": "0.736", "best_ask": "0.7865", "bids": [["0.736", "351"], ["0.7099", "666"], ["0.6806", "768"], ["0.6544", "616"]], "asks": [["0.7865", "513"], ["0.7993", "766"], ["0.827", "610"], ["0.8592", "697"]]}
{"ts": "2026-03-08T12:22:00Z", "market_id": "will-btc-hit-100k-2026", "best_bid": "0.5847", "best_ask": "0.6333", "bids": [["0.5847", "777"], ["0.5552", "605"], ["0.5392", "410"], ["0.5259", "733"], ["0.5113", "596"]], "asks": [["0.6333", "715"], ["0.6469", "760"], ["0.6817", "625"], ["0.6975", "777"], ["0.7331", "342"]]}
{"ts": "2026-03-08T12:22:00Z", "market_id": "will-fed-cut-rates-june", "best_bid": "0.5197", "best_ask": "0.5748", "bids": [["0.5197", "75"], ["0.5068", "254"], ["0.4697", "343"], ["0.4747", "757"]], "asks": [["0.5748", "440"], ["0.5982", "323"], ["0.6012", "749"], ["0.6552", "352"]]}
{"ts": "2026-03-08T12:22:00Z", "market_id": "will-trump-win-2028", "best_bid": "0.3692", "best_ask": "0.4035", "bids": [["0.3692", "625"], ["0.3443", "293"], ["0.3178", "344"], ["0.2993", "446"]], "asks": [["0.4035", "279"], ["0.4247", "573"], ["0.4555", "759"], ["0.4891", "476"]]}
{"ts": "2026-03-08T12:22:00Z", "market_id": "will-eth-flip-btc-2026", "best_bid": "0.2135", "best_ask": "0.2718", "bids": [["0.2135", "63"], ["0.1994", "503"], ["0.157", "713"], ["0.1382", "667"], ["0.1114", "351"]], "asks": [["0.2718", "307"], ["0.2992", "280"], ["0.32", "426"], ["0.3346", "251"], ["0.3889", "509"]]}
{"ts": "2026-03-08T12:22:00Z", "market_id": "will-ai-pass-bar-exam", "best_bid": "0.7542", "best_ask": "0.7817", "bids": [["0.7542", "91"], ["0.7386", "214"], ["0.7004", "527"]], "asks": [["0.7817", "488"], ["0.797", "648"], ["0.8019", "776"]]}
{"ts": "2026-03-08T12:22:30Z", "market_id": "will-btc-hit-100k-2026", "best_bid": "0.6007", "best_ask": "0.6582", "bids": [["0.6007", "102"], ["0.5783", "552"], ["0.5587", "774"]], "asks": [["0.6582", "690"], ["0.6814", "636"], ["0.6811", "375"]]}
{"ts": "2026-03-08T12:22:30Z", "market_id": "will-fed-cut-rates-june", "best_bid": "0.507", "best_ask": "0.5479", "bids": [["0.507", "463"], ["0.49", "729"], ["0.4738", "683"], ["0.4485", "714"], ["0.4579", "296"]], "asks": [["0.5479", "144"], ["0.5755", "389"], ["0.5796", "593"], ["0.6115", "59"], ["0.6155", "707"]]}
{"ts": "2026-03-08T12:22:30Z", "market_id": "will-trump-win-2028", "best_bid": "0.3621", "best_ask": "0.4066", "bids": [["0.3621", "378"], ["0.3337", "445"], ["0.3204", "579"], ["0.3012", "548"], ["0.2983", "378"]], "asks": [["0.4066", "440"], ["0.4355", "312"], ["0.4379", "433"], ["0.4671", "94"], ["0.4987", "576"]]}
{"ts": "2026-03-08T12:22:30Z", "market_id": "will-eth-flip-btc-2026", "best_bid": "0.221", "best_ask": "0.2799", "bids": [["0.221", "265"], ["0.1984", "751"], ["0.1676", "769"], ["0.1522", "752"], ["0.1791", "88"]], "asks": [["0.2799", "736"], ["0.2941", "484"], ["0.3081", "495"], ["0.3663", "207"], ["0.3772", "139"]]}
{"ts": "2026-03-08T12:22:30Z", "market_id": "will-ai-pass-bar-exam", "best_bid": "0.7587", "best_ask": "0.7816", "bids": [["0.7587", "638"], ["0.7305", "511"], ["0.7225", "448"]], "asks": [["0.7816", "283"], ["0.7998", "695"], ["0.8143", "739"]]}
{"ts": "2026-03-08T12:23:00Z", "market_id": "will-btc-hit-100k-2026", "best_bid": "0.6062", "best_ask": "0.655", "bids": [["0.6062", "767"], ["0.5891", "346"], ["0.5742", "498"]], "asks": [["0.655", "124"], ["0.6751", "752"], ["0.6785", "440"]]}
{"ts": "2026-03-08T12:23:00Z", "market_id": "will-fed-cut-rates-june", "best_bid": "0.5101", "best_ask": "0.5459", "bids": [["0.5101", "275"], ["0.4852", "608"], ["0.4517", "743"], ["0.4413", "61"], ["0.4002", "92"]], "asks": [["0.5459", "189"], ["0.5719", "352"], ["0.5717", "796"], ["0.6334", "616"], ["0.5973", "55"]]}
{"ts": "2026-03-08T12:23:00Z", "market_id": "will-trump-win-2028", "best_bid": "0.3589", "best_ask": "0.4008", "bids": [["0.3589", "793"], ["0.3447", "574"], ["0.3325", "308"]], "asks": [["0.4008", "402"], ["0.4289", "195"], ["0.4296", "248"]]}
{"ts": "2026-03-08T12:23:00Z", "market_id": "will-eth-flip-btc-2026", "best_bid": "0.2293", "best_ask": "0.2539", "bids": [["0.2293", "612"], ["0.2064", "737"], ["0.1993", "644"], ["0.1422", "737"], ["0.1706", "121"]], "asks": [["0.2539", "522"], ["0.2654", "118"], ["0.2818", "548"], ["0.3053", "721"], ["0.3167", "248"]]}
{"ts": "2026-03-08T12:23:00Z", "market_id": "will-ai-pass-bar-exam", "best_bid": "0.7433", "best_ask": "0.788", "bids": [["0.7433", "630"], ["0.7172", "222"], ["0.7108", "779"], ["0.6871", "187"]], "asks": [["0.788", "423"], ["0.8171", "54"], ["0.8394", "706"], ["0.8684", "745"]]}
{"ts": "2026-03-08T12:23:30Z", "market_id": "will-btc-hit-100k-2026", "best_bid": "0.6209", "best_ask": "0.6702", "bids": [["0.6209", "362"], ["0.5999", "671"], ["0.5672", "193"], ["0.5791", "691"]], "asks": [["0.6702", "548"], ["0.6837", "133"], ["0.7246", "601"], ["0.7442", "128"]]}
{"ts": "2026-03-08T12:23:30Z", "market_id": "will-fed-cut-rates-june", "best_bid": "0.4987", "best_ask": "0.5526", "bids": [["0.4987", "464"], ["0.4844", "316"], ["0.4429", "719"], ["0.4467", "653"], ["0.3901", "563"]], "asks": [["0.5526", "654"], ["0.5634", "606"], ["0.5942", "202"], ["0.596", "800"], ["0.6034", "572"]]}
{"ts": "2026-03-08T12:23:30Z", "market_id": "will-trump-win-2028", "best_bid": "0.3576", "best_ask": "0.3812", "bids": [["0.3576", "678"], ["0.3443", "506"], ["0.3304", "725"], ["0.2834", "417"]], "asks": [["0.3812", "750"], ["0.4015", "213"], ["0.4392", "199"], ["0.4402", "91"]]}
{"ts": "2026-03-08T12:23:30Z", "market_id": "will-eth-flip-btc-2026", "best_bid": "0.2349", "best_ask": "0.2574", "bids": [["0.2349", "580"], ["0.2171", "97"], ["0.1756", "770"], ["0.1668", "319"]], "asks": [["0.2574", "419"], ["0.2857", "90"], ["0.2903", "583"], ["0.3038", "642"]]}
{"ts": "2026-03-08T12:23:30Z", "market_id": "will-ai-pass-bar-exam", "best_bid": "0.7561", "best_ask": "0.7979", "bids": [["0.7561", "651"], ["0.7281", "307"], ["0.6972", "465"]], "asks": [["0.7979", "719"], ["0.8094", "435"], ["0.8268", "411"]]}
{"ts": "2026-03-08T12:24:00Z", "market_id": "will-btc-hit-100k-2026", "best_bid": "0.6254", "best_ask": "0.6771", "bids": [["0.6254", "500"], ["0.6108", "337"], ["0.5994", "666"], ["0.5464", "474"], ["0.5277", "540"]], "asks": [["0.6771", "219"], ["0.6974", "266"], ["0.7034", "784"], ["0.7467", "388"], ["0.7556", "540"]]}
{"ts": "2026-03-08T12:24:00Z", "market_id": "will-fed-cut-rates-june", "best_bid": "0.5047", "best_ask": "0.5332", "bids": [["0.5047", "299"], ["0.4922", "187"], ["0.4642", "200"]], "asks": [["0.5332", "94"], ["0.555", "694"], ["0.5888", "107"]]}
{"ts": "2026-03-08T12:24:00Z", "market_id": "will-trump-win-2028", "best_bid": "0.3547", "best_ask": "0.3954", "bids": [["0.3547", "69"], ["0.3302", "137"], ["0.3168", "543"], ["0.3116", "196"]], "asks": [["0.3954", "786"], ["0.4218", "271"], ["0.4551", "224"], ["0.45", "646"]]}
{"ts": "2026-03-08T12:24:00Z", "market_id": "will-eth-flip-btc-2026", "best_bid": "0.2588", "best_ask": "0.3116", "bids": [["0.2588", "221"], ["0.2351", "660"], ["0.2361", "185"]], "asks": [["0.3116", "791"], ["0.3401", "654"], ["0.3468", "161"]]}
{"ts": "2026-03-08T12:24:00Z", "market_id": "will-ai-pass-bar-exam", "best_bid": "0.7609", "best_ask": "0.8173", "bids": [["0.7609", "148"], ["0.7414", "89"], ["0.7208", "543"], ["0.7231", "51"], ["0.669", "429"]], "asks": [["0.8173", "231"], ["0.8396", "594"], ["0.842", "725"], ["0.8835", "744"], ["0.899", "94"]]}
{"ts": "2026-03-08T12:24:30Z", "market_id": "will-btc-hit-100k-2026", "best_bid": "0.6292", "best_ask": "0.6771", "bids": [["0.6292", "440"], ["0.6074", "763"], ["0.6053", "538"], ["0.5446", "662"]], "asks": [["0.6771", "408"], ["0.7019", "639"], ["0.7024", "288"], ["0.7121", "606"]]}
{"ts": "2026-03-08T12:24:30Z", "market_id": "will-fed-cut-rates-june", "best_bid": "0.4904", "best_ask": "0.5388", "bids": [["0.4904", "57"], ["0.4673", "373"], ["0.4559", "717"]], "asks": [["0.5388", "434"], ["0.5625", "468"], ["0.565", "649"]]}
{"ts": "2026-03-08T12:24:30Z", "market_id": "will-trump-win-2028", "best_bid": "0.3618", "best_ask": "0.3919", "bids": [["0.3618", "332"], ["0.3438", "615"], ["0.3225", "618"], ["0.3165", "402"], ["0.2899", "725"]], "asks": [["0.3919", "746"], ["0.406", "620"], ["0.4267", "545"], ["0.4403", "772"], ["0.4429", "171"]]}
{"ts": "2026-03-08T12:24:30Z", "market_id": "will-eth-flip-btc-2026", "best_bid": "0.261", "best_ask": "0.3089", "bids": [["0.261", "396"], ["0.2387", "103"], ["0.2254", "143"]], "asks": [["0.3089", "613"], ["0.3326", "214"], ["0.3544", "198"]]}
{"ts": "2026-03-08T12:24:30Z", "market_id": "will-ai-pass-bar-exam", "best_bid": "0.7588", "best_ask": "0.7976", "bids": [["0.7588", "277"], ["0.7472", "443"], ["0.7142", "778"], ["0.7253", "229"], ["0.6792", "722"]], "asks": [["0.7976", "429"], ["0.8084", "460"], ["0.8385", "661"], ["0.8741", "705"], ["0.8385", "580"]]}
{"ts": "2026-03-08T12:25:00Z", "market_id": "will-btc-hit-100k-2026", "best_bid": "0.6302", "best_ask": "0.6742", "bids": [["0.6302", "740"], ["0.6131", "211"], ["0.5704", "411"], ["0.5765", "580"], ["0.5313", "142"]], "asks": [["0.6742", "86"], ["0.6973", "138"], ["0.7254", "735"], ["0.7394", "65"], ["0.7197", "612"]]}
{"ts": "2026-03-08T12:25:00Z", "market_id": "will-fed-cut-rates-june", "best_bid": "0.5009", "best_ask": "0.5323", "bids": [["0.5009", "333"], ["0.4788", "463"], ["0.4808", "568"], ["0.4374", "398"], ["0.3967", "600"]], "asks": [["0.5323", "281"], ["0.5462", "638"], ["0.5593", "159"], ["0.5925", "169"], ["0.6489", "638"]]}
{"ts": "2026-03-08T12:25:00Z", "market_id": "will-trump-win-2028", "best_bid": "0.3593", "best_ask": "0.3944", "bids": [["0.3593", "519"], ["0.3401", "78"], ["0.3346", "698"], ["0.2887", "373"]], "asks": [["0.3944", "747"], ["0.4161", "543"], ["0.4171", "275"], ["0.4382", "472"]]}
{"ts": "2026-03-08T12:25:00Z", "market_id": "will-eth-flip-btc-2026", "best_bid": "0.2775", "best_ask": "0.3357", "bids": [["0.2775", "319"], ["0.2617", "400"], ["0.2353", "371"], ["0.2343", "237"], ["0.163", "254"]], "asks": [["0.3357", "304"], ["0.3537", "127"], ["0.3628", "412"], ["0.4001", "749"], ["0.3909", "290"]]}
{"ts": "2026-03-08T12:25:00Z", "market_id": "will-ai-pass-bar-exam", "best_bid": "0.7622", "best_ask": "0.7905", "bids": [["0.7622", "414"], ["0.7366", "130"], ["0.704", "56"]], "asks": [["0.7905", "209"], ["0.8029", "742"], ["0.8302", "604"]]}
{"ts": "2026-03-08T12:25:30Z", "market_id": "will-btc-hit-100k-2026", "best_bid": "0.5927", "best_ask": "0.6511", "bids": [["0.5927", "638"], ["0.5729", "573"], ["0.5568", "181"], ["0.5312", "603"]], "asks": [["0.6511", "331"], ["0.6808", "336"], ["0.7011", "105"], ["0.7065", "83"]]}
{"ts": "2026-03-08T12:25:30Z", "market_id": "will-fed-cut-rates-june", "best_bid": "0.4849", "best_ask": "0.5324", "bids": [["0.4849", "580"], ["0.4686", "740"], ["0.4497", "420"]], "asks": [["0.5324", "521"], ["0.5425", "265"], ["0.5564", "677"]]}
{"ts": "2026-03-08T12:25:30Z", "market_id": "will-trump-win-2028", "best_bid": "0.3495", "best_ask": "0.404", "bids": [["0.3495", "532"], ["0.3326", "484"], ["0.3127", "423"]], "asks": [["0.404", "677"], ["0.4177", "265"], ["0.4541", "460"]]}
{"ts": "2026-03-08T12:25:30Z", "market_id": "will-eth-flip-btc-2026", "best_bid": "0.2916", "best_ask": "0.3169", "bids": [["0.2916", "788"], ["0.2655", "440"], ["0.2658", "203"], ["0.2133", "561"], ["0.172", "579"]], "asks": [["0.3169", "326"], ["0.338", "250"], ["0.3752", "534"], ["0.3575", "187"], ["0.4248", "596"]]}
{"ts": "2026-03-08T12:25:30Z", "market_id": "will-ai-pass-bar-exam", "best_bid": "0.7581", "best_ask": "0.8069", "bids": [["0.7581", "631"], ["0.7402", "111"], ["0.7056", "694"], ["0.7011", "419"]], "asks": [["0.8069", "98"], ["0.8308", "270"], ["0.846", "148"], ["0.857", "418"]]}
{"ts": "2026-03-08T12:26:00Z", "market_id": "will-btc-hit-100k-2026", "best_bid": "0.5745", "best_ask": "0.6048", "bids": [["0.5745", "745"], ["0.5605", "714"], ["0.5475", "413"]], "asks": [["0.6048", "670"], ["0.6263", "601"], ["0.656", "382"]]}
{"ts": "2026-03-08T12:26:00Z", "market_id": "will-fed-cut-rates-june", "best_bid": "0.4783", "best_ask": "0.5252", "bids": [["0.4783", "130"], ["0.456", "198"], ["0.4327", "481"], ["0.4116", "123"]], "asks": [["0.5252", "440"], ["0.5445", "221"], ["0.5824", "696"], ["0.5795", "131"]]}
{"ts": "2026-03-08T12:26:00Z", "market_id": "will-trump-win-2028", "best_bid": "0.3623", "best_ask": "0.395", "bids": [["0.3623", "454"], ["0.3345", "421"], ["0.3215", "221"], ["0.281", "290"]], "asks": [["0.395", "327"], ["0.4206", "651"], ["0.433", "238"], ["0.4325", "727"]]}
{"ts": "2026-03-08T12:26:00Z", "market_id": "will-eth-flip-btc-2026", "best_bid": "0.3015", "best_ask": "0.3315", "bids": [["0.3015", "220"], ["0.2894", "534"], ["0.2793", "586"], ["0.2652", "136"], ["0.1869", "284"]], "asks": [["0.3315", "456"], ["0.3428", "611"], ["0.3824", "135"], ["0.3986", "720"], ["0.4027", "303"]]}
{"ts": "2026-03-08T12:26:00Z", "market_id": "will-ai-pass-bar-exam", "best_bid": "0.7692", "best_ask": "0.7942", "bids": [["0.7692", "729"], ["0.742", "537"], ["0.7102", "328"], ["0.7125", "764"], ["0.715", "696"]], "asks": [["0.7942", "415"], ["0.8107", "528"], ["0.8358", "611"], ["0.8824", "602"], ["0.882", "701"]]}
{"ts": "2026-03-08T12:26:30Z", "market_id": "will-btc-hit-100k-2026", "best_bid": "0.5459", "best_ask": "0.601", "bids": [["0.5459", "367"], ["0.5262", "141"], ["0.5136", "209"], ["0.5152", "189"]], "asks": [["0.601", "405"], ["0.6155", "502"], ["0.6375", "360"], ["0.6624", "402"]]}
{"ts": "2026-03-08T12:26:30Z", "market_id": "will-fed-cut-rates-june", "best_bid": "0.4757", "best_ask": "0.5233", "bids": [["0.4757", "59"], ["0.4498", "57"], ["0.4408", "624"], ["0.4221", "711"]], "asks": [["0.5233", "490"], ["0.5452", "611"], ["0.5597", "497"], ["0.563", "449"]]}
{"ts": "2026-03-08T12:26:30Z", "market_id": "will-trump-win-2028", "best_bid": "0.3581", "best_ask": "0.4112", "bids": [["0.3581", "295"], ["0.3328", "760"], ["0.3272", "594"]], "asks": [["0.4112", "579"], ["0.4394", "751"], ["0.4572", "325"]]}
{"ts": "2026-03-08T12:26:30Z", "market_id": "will-eth-flip-btc-2026", "best_bid": "0.2694", "best_ask": "0.2967", "bids": [["0.2694", "513"], ["0.2454", "378"], ["0.2433", "72"], ["0.181", "178"]], "asks": [["0.2967", "328"], ["0.3165", "69"], ["0.3555", "240"], ["0.3436", "782"]]}
{"ts": "2026-03-08T12:26:30Z", "market_id": "will-ai-pass-bar-exam", "best_bid": "0.7731", "best_ask": "0.8107", "bids": [["0.7731", "555"], ["0.7563", "560"], ["0.7346", "388"]], "asks": [["0.8107", "272"], ["0.8269", "430"], ["0.8623", "132"]]}
{"ts": "2026-03-08T12:27:00Z", "market_id": "will-btc-hit-100k-2026", "best_bid": "0.5828", "best_ask": "0.605", "bids": [["0.5828", "246"], ["0.5564", "174"], ["0.5528", "503"], ["0.5085", "521"]], "asks": [["0.605", "306"], ["0.6316", "781"], ["0.6559", "303"], ["0.637", "146"]]}
{"ts": "2026-03-08T12:27:00Z", "market_id": "will-fed-cut-rates-june", "best_bid": "0.4627", "best_ask": "0.5035", "bids": [["0.4627", "369"], ["0.4495", "612"], ["0.4378", "355"]], "asks": [["0.5035", "380"], ["0.5281", "583"], ["0.5428", "253"]]}
{"ts": "2026-03-08T12:27:00Z", "market_id": "will-trump-win-2028", "best_bid": "0.3603", "best_ask": "0.4069", "bids": [["0.3603", "65"], ["0.3344", "455"], ["0.3399", "757"]], "asks": [["0.4069", "221"], ["0.4286", "298"], ["0.4286", "536"]]}
{"ts": "2026-03-08T12:27:00Z", "market_id": "will-eth-flip-btc-2026", "best_bid": "0.2643", "best_ask": "0.3118", "bids": [["0.2643", "211"], ["0.2524", "690"], ["0.2419", "768"]], "asks": [["0.3118", "561"], ["0.3342", "111"], ["0.3576", "599"]]}
{"ts": "2026-03-08T12:27:00Z", "market_id": "will-ai-pass-bar-exam", "best_bid": "0.7786", "best_ask": "0.8079", "bids": [["0.7786", "499"], ["0.7647", "416"], ["0.7532", "546"], ["0.7223", "763"], ["0.7234", "406"]], "asks": [["0.8079", "800"], ["0.8317", "791"], ["0.8638", "773"], ["0.8556", "551"], ["0.8628", "381"]]}
{"ts": "2026-03-08T12:27:30Z", "market_id": "will-btc-hit-100k-2026", "best_bid": "0.5617", "best_ask": "0.611", "bids": [["0.5617", "617"], ["0.5504", "352"], ["0.5201", "703"], ["0.509", "69"]], "asks": [["0.611", "214"], ["0.6241", "319"], ["0.6492", "568"], ["0.6522", "684"]]}
{"ts": "2026-03-08T12:27:30Z", "market_id": "will-fed-cut-rates-june", "best_bid": "0.4769", "best_ask": "0.5065", "bids": [["0.4769", "446"], ["0.4565", "614"], ["0.4324", "706"], ["0.4403", "118"], ["0.3701", "82"]], "asks": [["0.5065", "244"], ["0.5264", "207"], ["0.5394", "379"], ["0.5679", "94"], ["0.5569", "256"]]}
{"ts": "2026-03-08T12:27:30Z", "market_id": "will-trump-win-2028", "best_bid": "0.3647", "best_ask": "0.389", "bids": [["0.3647", "447"], ["0.3449", "654"], ["0.3427", "785"]], "asks": [["0.389", "723"], ["0.4115", "312"], ["0.4178", "122"]]}
{"ts": "2026-03-08T12:27:30Z", "market_id": "will-eth-flip-btc-2026", "best_bid": "0.3098", "best_ask": "0.3561", "bids": [["0.3098", "419"], ["0.285", "427"], ["0.2875", "591"]], "asks": [["0.3561", "621"], ["0.3839", "775"], ["0.4008", "91"]]}
{"ts": "2026-03-08T12:27:30Z", "market_id": "will-ai-pass-bar-exam", "best_bid": "0.7704", "best_ask": "0.8198", "bids": [["0.7704", "581"], ["0.7584", "444"], ["0.7427", "633"], ["0.6835", "621"]], "asks": [["0.8198", "149"], ["0.8344", "244"], ["0.866", "690"], ["0.8833", "475"]]}
{"ts": "2026-03-08T12:28:00Z", "market_id": "will-btc-hit-100k-2026", "best_bid": "0.5642", "best_ask": "0.6073", "bids": [["0.5642", "156"], ["0.5384", "566"], ["0.5179", "664"], ["0.4782", "613"], ["0.4566", "698"]], "asks": [["0.6073", "220"], ["0.6283", "395"], ["0.6486", "503"], ["0.6914", "382"], ["0.6803", "490"]]}
{"ts": "2026-03-08T12:28:00Z", "market_id": "will-fed-cut-rates-june", "best_bid": "0.4516", "best_ask": "0.5046", "bids": [["0.4516", "269"], ["0.4262", "310"], ["0.3931", "456"], ["0.378", "660"]], "asks": [["0.5046", "434"], ["0.5331", "418"], ["0.5425", "50"], ["0.5936", "66"]]}
{"ts": "2026-03-08T12:28:00Z", "market_id": "will-trump-win-2028", "best_bid": "0.3451", "best_ask": "0.3771", "bids": [["0.3451", "372"], ["0.3196", "332"], ["0.3046", "635"], ["0.3094", "209"]], "asks": [["0.3771", "72"], ["0.406", "616"], ["0.42", "208"], ["0.4347", "191"]]}
{"ts": "2026-03-08T12:28:00Z", "market_id": "will-eth-flip-btc-2026", "best_bid": "0.3107", "best_ask": "0.3413", "bids": [["0.3107", "357"], ["0.2892", "272"], ["0.2617", "227"], ["0.2311", "640"], ["0.223", "798"]], "asks": [["0.3413", "144"], ["0.3626", "129"], ["0.393", "549"], ["0.4126", "147"], ["0.4053", "640"]]}
{"ts": "2026-03-08T12:28:00Z", "market_id": "will-ai-pass-bar-exam", "best_bid": "0.7538", "best_ask": "0.8107", "bids": [["0.7538", "476"], ["0.7264", "718"], ["0.6967", "697"], ["0.7206", "376"]], "asks": [["0.8107", "173"], ["0.8252", "666"], ["0.8561", "441"], ["0.8722", "602"]]}
{"ts": "2026-03-08T12:28:30Z", "market_id": "will-btc-hit-100k-2026", "best_bid": "0.5821", "best_ask": "0.6247", "bids": [["0.5821", "101"], ["0.5575", "506"], ["0.5391", "492"], ["0.505", "394"]], "asks": [["0.6247", "739"], ["0.6426", "659"], ["0.6483", "346"], ["0.6636", "134"]]}
{"ts": "2026-03-08T12:28:30Z", "market_id": "will-fed-cut-rates-june", "best_bid": "0.444", "best_ask": "0.486", "bids": [["0.444", "764"], ["0.4188", "252"], ["0.4082", "624"], ["0.3542", "298"]], "asks": [["0.486", "183"], ["0.5056", "549"], ["0.5288", "680"], ["0.5474", "123"]]}
{"ts": "2026-03-08T12:28:30Z", "market_id": "will-trump-win-2028", "best_bid": "0.347", "best_ask": "0.3777", "bids": [["0.347", "141"], ["0.3236", "406"], ["0.3142", "74"], ["0.3069", "502"]], "asks": [["0.3777", "165"], ["0.3961", "245"], ["0.4214", "362"], ["0.4286", "688"]]}
{"ts": "2026-03-08T12:28:30Z", "market_id": "will-eth-flip-btc-2026", "best_bid": "0.3033", "best_ask": "0.356", "bids": [["0.3033", "795"], ["0.291", "685"], ["0.2485", "64"]], "asks": [["0.356", "137"], ["0.3671", "201"], ["0.4088", "401"]]}
{"ts": "2026-03-08T12:28:30Z", "market_id": "will-ai-pass-bar-exam", "best_bid": "0.7608", "best_ask": "0.8086", "bids": [["0.7608", "389"], ["0.736", "609"], ["0.7108", "687"]], "asks": [["0.8086", "264"], ["0.8228", "585"], ["0.8505", "797"]]}
{"ts": "2026-03-08T12:29:00Z", "market_id": "will-btc-hit-100k-2026", "best_bid": "0.6032", "best_ask": "0.6499", "bids": [["0.6032", "94"], ["0.5898", "763"], ["0.5723", "58"], ["0.5499", "725"]], "asks": [["0.6499", "311"], ["0.6656", "682"], ["0.6885", "118"], ["0.6962", "418"]]}
{"ts": "2026-03-08T12:29:00Z", "market_id": "will-fed-cut-rates-june", "best_bid": "0.4371", "best_ask": "0.4917", "bids": [["0.4371", "445"], ["0.4075", "776"], ["0.381", "661"]], "asks": [["0.4917", "286"], ["0.5119", "151"], ["0.5311", "594"]]}
{"ts": "2026-03-08T12:29:00Z", "market_id": "will-trump-win-2028", "best_bid": "0.3358", "best_ask": "0.3945", "bids": [["0.3358", "303"], ["0.3197", "210"], ["0.302", "690"], ["0.2917", "563"], ["0.2309", "446"]], "asks": [["0.3945", "592"], ["0.4143", "68"], ["0.4286", "359"], ["0.4832", "332"], ["0.4846", "80"]]}
{"ts": "2026-03-08T12:29:00Z", "market_id": "will-eth-flip-btc-2026", "best_bid": "0.3078", "best_ask": "0.3655", "bids": [["0.3078", "452"], ["0.295", "583"], ["0.2633", "282"], ["0.2633", "369"]], "asks": [["0.3655", "722"], ["0.3901", "744"], ["0.4105", "477"], ["0.4047", "669"]]}
{"ts": "2026-03-08T12:29:00Z", "market_id": "will-ai-pass-bar-exam", "best_bid": "0.7646", "best_ask": "0.7928", "bids": [["0.7646", "257"], ["0.7484", "586"], ["0.7274", "198"]], "asks": [["0.7928", "191"], ["0.8169", "188"], ["0.8492", "721"]]}
{"ts": "2026-03-08T12:29:30Z", "market_id": "will-btc-hit-100k-2026", "best_bid": "0.6143", "best_ask": "0.6717", "bids": [["0.6143", "786"], ["0.6007", "199"], ["0.5932", "473"]], "asks": [["0.6717", "171"], ["0.6985", "794"], ["0.7044", "471"]]}
{"ts": "2026-03-08T12:29:30Z", "market_id": "will-fed-cut-rates-june", "best_bid": "0.4336", "best_ask": "0.4865", "bids": [["0.4336", "242"], ["0.421", "676"], ["0.4029", "286"], ["0.3897", "417"], ["0.3386", "564"]], "asks": [["0.4865", "159"], ["0.497", "681"], ["0.5292", "660"], ["0.5577", "131"], ["0.5646", "669"]]}
{"ts": "2026-03-08T12:29:30Z", "market_id": "will-trump-win-2028", "best_bid": "0.3536", "best_ask": "0.3924", "bids": [["0.3536", "553"], ["0.3409", "83"], ["0.303", "326"], ["0.3103", "257"], ["0.3083", "499"]], "asks": [["0.3924", "535"], ["0.4062", "468"], ["0.413", "472"], ["0.4626", "259"], ["0.5065", "681"]]}
{"ts": "2026-03-08T12:29:30Z", "market_id": "will-eth-flip-btc-2026", "best_bid": "0.2998", "best_ask": "0.3381", "bids": [["0.2998", "672"], ["0.2754", "635"], ["0.2584", "771"]], "asks": [["0.3381", "439"], ["0.356", "658"], ["0.3838", "89"]]}
{"ts": "2026-03-08T12:29:30Z", "market_id": "will-ai-pass-bar-exam", "best_bid": "0.7589", "best_ask": "0.7997", "bids": [["0.7589", "301"], ["0.7381", "90"], ["0.7234", "100"], ["0.7114", "361"]], "asks": [["0.7997", "581"], ["0.8294", "621"], ["0.8503", "244"], ["0.8536", "342"]]}
{"ts": "2026-03-08T12:30:00Z", "market_id": "will-btc-hit-100k-2026", "best_bid": "0.6055", "best_ask": "0.65", "bids": [["0.6055", "524"], ["0.5865", "165"], ["0.5543", "762"]], "asks": [["0.65", "711"], ["0.6745", "234"], ["0.7075", "609"]]}
{"ts": "2026-03-08T12:30:00Z", "market_id": "will-fed-cut-rates-june", "best_bid": "0.4494", "best_ask": "0.4748", "bids": [["0.4494", "514"], ["0.4214", "515"], ["0.4194", "778"], ["0.3763", "166"]], "asks": [["0.4748", "654"], ["0.5027", "142"], ["0.5224", "217"], ["0.5122", "773"]]}
{"ts": "2026-03-08T12:30:00Z", "market_id": "will-trump-win-2028", "best_bid": "0.348", "best_ask": "0.3889", "bids": [["0.348", "676"], ["0.3304", "224"], ["0.3054", "203"], ["0.2659", "779"]], "asks": [["0.3889", "213"], ["0.4066", "393"], ["0.4353", "216"], ["0.4297", "102"]]}
{"ts": "2026-03-08T12:30:00Z", "market_id": "will-eth-flip-btc-2026", "best_bid": "0.3065", "best_ask": "0.3433", "bids": [["0.3065", "345"], ["0.2929", "257"], ["0.2616", "519"], ["0.2252", "55"]], "asks": [["0.3433", "691"], ["0.3713", "53"], ["0.3734", "559"], ["0.4059", "672"]]}
{"ts": "2026-03-08T12:30:00Z", "market_id": "will-ai-pass-bar-exam", "best_bid": "0.7629", "best_ask": "0.8065", "bids": [["0.7629", "665"], ["0.7528", "334"], ["0.7178", "262"], ["0.7219", "407"]], "asks": [["0.8065", "664"], ["0.8341", "684"], ["0.8593", "100"], ["0.8398", "87"]]}
{"ts": "2026-03-08T12:30:30Z", "market_id": "will-btc-hit-100k-2026", "best_bid": "0.6074", "best_ask": "0.6332", "bids": [["0.6074", "355"], ["0.579", "476"], ["0.581", "726"]], "asks": [["0.6332", "389"], ["0.6442", "232"], ["0.6646", "758"]]}
{"ts": "2026-03-08T12:30:30Z", "market_id": "will-fed-cut-rates-june", "best_bid": "0.4376", "best_ask": "0.4801", "bids": [["0.4376", "86"], ["0.4122", "438"], ["0.3873", "116"], ["0.3793", "331"]], "asks": [["0.4801", "145"], ["0.4965", "119"], ["0.5338", "349"], ["0.5174", "387"]]}
{"ts": "2026-03-08T12:30:30Z", "market_id": "will-trump-win-2028", "best_bid": "0.3417", "best_ask": "0.3828", "bids": [["0.3417", "109"], ["0.3203", "591"], ["0.3024", "773"], ["0.2861", "315"], ["0.2557", "182"]], "asks": [["0.3828", "161"], ["0.4124", "139"], ["0.4304", "344"], ["0.4637", "588"], ["0.4727", "679"]]}
{"ts": "2026-03-08T12:30:30Z", "market_id": "will-eth-flip-btc-2026", "best_bid": "0.2799", "best_ask": "0.3252", "bids": [["0.2799", "288"], ["0.2641", "171"], ["0.2413", "262"], ["0.1899", "391"]], "asks": [["0.3252", "775"], ["0.339", "74"], ["0.377", "680"], ["0.38", "408"]]}
{"ts": "2026-03-08T12:30:30Z", "market_id": "will-ai-pass-bar-exam", "best_bid": "0.7589", "best_ask": "0.8013", "bids": [["0.7589", "756"], ["0.7438", "357"], ["0.7169", "166"], ["0.7089", "632"], ["0.6421", "248"]], "asks": [["0.8013", "338"], ["0.8126", "568"], ["0.852", "752"], ["0.8551", "680"], ["0.9079", "388"]]}
{"ts": "2026-03-08T12:31:00Z", "market_id": "will-btc-hit-100k-2026", "best_bid": "0.6178", "best_ask": "0.6569", "bids": [["0.6178", "543"], ["0.5952", "599"], ["0.5793", "107"], ["0.5698", "373"]], "asks": [["0.6569", "209"], ["0.6848", "393"], ["0.7095", "583"], ["0.7304", "618"]]}
{"ts": "2026-03-08T12:31:00Z", "market_id": "will-fed-cut-rates-june", "best_bid": "0.4225", "best_ask": "0.4639", "bids": [["0.4225", "412"], ["0.3931", "81"], ["0.3631", "219"]], "asks": [["0.4639", "117"], ["0.4795", "397"], ["0.509", "634"]]}
{"ts": "2026-03-08T12:31:00Z", "market_id": "will-trump-win-2028", "best_bid": "0.3474", "best_ask": "0.3721", "bids": [["0.3474", "82"], ["0.3291", "293"], ["0.3093", "271"], ["0.2993", "88"]], "asks": [["0.3721", "328"], ["0.392", "430"], ["0.4301", "587"], ["0.4088", "256"]]}
{"ts": "2026-03-08T12:31:00Z", "market_id": "will-eth-flip-btc-2026", "best_bid": "0.2663", "best_ask": "0.3228", "bids": [["0.2663", "562"], ["0.2525", "800"], ["0.2339", "150"], ["0.1957", "791"]], "asks": [["0.3228", "207"], ["0.3513", "586"], ["0.3559", "578"], ["0.3608", "87"]]}
{"ts": "2026-03-08T12:31:00Z", "market_id": "will-ai-pass-bar-exam", "best_bid": "0.7443", "best_ask": "0.7852", "bids": [["0.7443", "658"], ["0.7277", "155"], ["0.6937", "73"]], "asks": [["0.7852", "139"], ["0.813", "583"], ["0.835", "641"]]}
{"ts": "2026-03-08T12:31:30Z", "market_id": "will-btc-hit-100k-2026", "best_bid": "0.6182", "best_ask": "0.6685", "bids": [["0.6182", "247"], ["0.6027", "501"], ["0.5935", "330"], ["0.5873", "576"], ["0.5617", "376"]], "asks": [["0.6685", "343"], ["0.6849", "737"], ["0.6945", "167"], ["0.7359", "154"], ["0.7366", "327"]]}
{"ts": "2026-03-08T12:31:30Z", "market_id": "will-fed-cut-rates-june", "best_bid": "0.4354", "best_ask": "0.4667", "bids": [["0.4354", "396"], ["0.4165", "532"], ["0.4134", "138"]], "asks": [["0.4667", "603"], ["0.4793", "741"], ["0.5021", "486"]]}
{"ts": "2026-03-08T12:31:30Z", "market_id": "will-trump-win-2028", "best_bid": "0.348", "best_ask": "0.3836", "bids": [["0.348", "756"], ["0.329", "390"], ["0.2994", "596"], ["0.2595", "526"], ["0.2974", "765"]], "asks": [["0.3836", "766"], ["0.4008", "252"], ["0.4305", "130"], ["0.459", "631"], ["0.4887", "529"]]}
{"ts": "2026-03-08T12:31:30Z", "market_id": "will-eth-flip-btc-2026", "best_bid": "0.2858", "best_ask": "0.3316", "bids": [["0.2858", "197"], ["0.2707", "237"], ["0.2291", "382"], ["0.2266", "165"]], "asks": [["0.3316", "681"], ["0.3489", "766"], ["0.3648", "514"], ["0.3655", "409"]]}
{"ts": "2026-03-08T12:31:30Z", "market_id": "will-ai-pass-bar-exam", "best_bid": "0.7502", "best_ask": "0.7893", "bids": [["0.7502", "638"], ["0.73", "781"], ["0.7171", "359"]], "asks": [["0.7893", "180"], ["0.8074", "159"], ["0.8353", "595"]]}
{"ts": "2026-03-08T12:32:00Z", "market_id": "will-btc-hit-100k-2026", "best_bid": "0.6091", "best_ask": "0.6387", "bids": [["0.6091", "443"], ["0.5923", "655"], ["0.5578", "400"]], "asks": [["0.6387", "117"], ["0.665", "491"], ["0.6761", "607"]]}
{"ts": "2026-03-08T12:32:00Z", "market_id": "will-fed-cut-rates-june", "best_bid": "0.4298", "best_ask": "0.4775", "bids": [["0.4298", "778"], ["0.403", "660"], ["0.3968", "505"]], "asks": [["0.4775", "637"], ["0.4898", "524"], ["0.5015", "230"]]}
{"ts": "2026-03-08T12:32:00Z", "market_id": "will-trump-win-2028", "best_bid": "0.342", "best_ask": "0.3859", "bids": [["0.342", "438"], ["0.3221", "142"], ["0.2893", "701"], ["0.2666", "513"], ["0.2787", "507"]], "asks": [["0.3859", "385"], ["0.4092", "272"], ["0.4414", "50"], ["0.4556", "594"], ["0.4752", "250"]]}
{"ts": "2026-03-08T12:32:00Z", "market_id": "will-eth-flip-btc-2026", "best_bid": "0.3137", "best_ask": "0.3419", "bids": [["0.3137", "745"], ["0.2853", "785"], ["0.254", "676"], ["0.2594", "351"]], "asks": [["0.3419", "361"], ["0.3706", "402"], ["0.3852", "572"], ["0.3795", "113"]]}
{"ts": "2026-03-08T12:32:00Z", "market_id": "will-ai-pass-bar-exam", "best_bid": "0.7501", "best_ask": "0.7722", "bids": [["0.7501", "162"], ["0.7228", "769"], ["0.7143", "441"], ["0.6972", "728"], ["0.6721", "443"]], "asks": [["0.7722", "338"], ["0.7869", "654"], ["0.8049", "465"], ["0.8349", "227"], ["0.8273", "418"]]}
{"ts": "2026-03-08T12:32:30Z", "market_id": "will-btc-hit-100k-2026", "best_bid": "0.611", "best_ask": "0.6646", "bids": [["0.611", "178"], ["0.6007", "197"], ["0.5556", "189"]], "asks": [["0.6646", "187"], ["0.6875", "788"], ["0.7109", "136"]]}
{"ts": "2026-03-08T12:32:30Z", "market_id": "will-fed-cut-rates-june", "best_bid": "0.4359", "best_ask": "0.4903", "bids": [["0.4359", "234"], ["0.4157", "510"], ["0.4017", "669"], ["0.3712", "292"], ["0.3558", "609"]], "asks": [["0.4903", "515"], ["0.5113", "443"], ["0.5177", "57"], ["0.5711", "779"], ["0.5632", "640"]]}
{"ts": "2026-03-08T12:32:30Z", "market_id": "will-trump-win-2028", "best_bid": "0.3535", "best_ask": "0.3882", "bids": [["0.3535", "165"], ["0.3339", "195"], ["0.3043", "336"]], "asks": [["0.3882", "644"], ["0.412", "797"], ["0.4475", "526"]]}
{"ts": "2026-03-08T12:32:30Z", "market_id": "will-eth-flip-btc-2026", "best_bid": "0.2814", "best_ask": "0.3258", "bids": [["0.2814", "734"], ["0.2577", "643"], ["0.2368", "597"]], "asks": [["0.3258", "129"], ["0.3465", "369"], ["0.3819", "61"]]}
{"ts": "2026-03-08T12:32:30Z", "market_id": "will-ai-pass-bar-exam", "best_bid": "0.7405", "best_ask": "0.7792", "bids": [["0.7405", "389"], ["0.7234", "351"], ["0.7138", "661"], ["0.6668", "112"], ["0.6626", "102"]], "asks": [["0.7792", "481"], ["0.8088", "346"], ["0.827", "361"], ["0.843", "694"], ["0.8327", "722"]]}
{"ts": "2026-03-08T12:33:00Z", "market_id": "will-btc-hit-100k-2026", "best_bid": "0.6425", "best_ask": "0.6875", "bids": [["0.6425", "128"], ["0.6275", "331"], ["0.622", "228"], ["0.5682", "428"]], "asks": [["0.6875", "334"], ["0.7098", "313"], ["0.712", "655"], ["0.757", "229"]]}
{"ts": "2026-03-08T12:33:00Z", "market_id": "will-fed-cut-rates-june", "best_bid": "0.447", "best_ask": "0.4774", "bids": [["0.447", "590"], ["0.4301", "198"], ["0.3896", "557"], ["0.3708", "500"], ["0.356", "403"]], "asks": [["0.4774", "83"], ["0.4891", "659"], ["0.5036", "472"], ["0.5217", "793"], ["0.5343", "105"]]}
{"ts": "2026-03-08T12:33:00Z", "market_id": "will-trump-win-2028", "best_bid": "0.3533", "best_ask": "0.3779", "bids": [["0.3533", "537"], ["0.3386", "449"], ["0.3228", "495"]], "asks": [["0.3779", "595"], ["0.4016", "535"], ["0.4191", "62"]]}
{"ts": "2026-03-08T12:33:00Z", "market_id": "will-eth-flip-btc-2026", "best_bid": "0.2616", "best_ask": "0.2932", "bids": [["0.2616", "592"], ["0.2325", "594"], ["0.2275", "675"], ["0.1801", "323"]], "asks": [["0.2932", "749"], ["0.3051", "702"], ["0.3469", "717"], ["0.3433", "150"]]}
{"ts": "2026-03-08T12:33:00Z", "market_id": "will-ai-pass-bar-exam", "best_bid": "0.7402", "best_ask": "0.7786", "bids": [["0.7402", "652"], ["0.7198", "234"], ["0.6983", "119"], ["0.6855", "751"], ["0.6721", "307"]], "asks": [["0.7786", "249"], ["0.8022", "370"], ["0.8255", "62"], ["0.8401", "506"], ["0.8766", "247"]]}
{"ts": "2026-03-08T12:33:30Z", "market_id": "will-btc-hit-100k-2026", "best_bid": "0.6742", "best_ask": "0.6956", "bids": [["0.6742", "722"], ["0.6452", "775"], ["0.6507", "434"], ["0.5984", "239"], ["0.5785", "528"]], "asks": [["0.6956", "272"], ["0.7183", "172"], ["0.7397", "722"], ["0.7644", "163"], ["0.7558", "726"]]}
{"ts": "2026-03-08T12:33:30Z", "market_id": "will-fed-cut-rates-june", "best_bid": "0.4443", "best_ask": "0.5012", "bids": [["0.4443", "733"], ["0.4291", "333"], ["0.409", "111"], ["0.3569", "501"]], "asks": [["0.5012", "381"], ["0.5268", "113"], ["0.5345", "314"], ["0.5471", "121"]]}
{"ts": "2026-03-08T12:33:30Z", "market_id": "will-trump-win-2028", "best_bid": "0.343", "best_ask": "0.3827", "bids": [["0.343", "553"], ["0.3301", "273"], ["0.2972", "782"]], "asks": [["0.3827", "161"], ["0.408", "678"], ["0.4392", "315"]]}
{"ts": "2026-03-08T12:33:30Z", "market_id": "will-eth-flip-btc-2026", "best_bid": "0.2622", "best_ask": "0.305", "bids": [["0.2622", "559"], ["0.2391", "88"], ["0.2265", "387"], ["0.1977", "552"]], "asks": [["0.305", "202"], ["0.315", "730"], ["0.3311", "450"], ["0.3659", "539"]]}
{"ts": "2026-03-08T12:33:30Z", "market_id": "will-ai-pass-bar-exam", "best_bid": "0.743", "best_ask": "0.7805", "bids": [["0.743", "603"], ["0.733", "543"], ["0.7003", "417"], ["0.6721", "697"], ["0.6958", "398"]], "asks": [["0.7805", "281"], ["0.8096", "174"], ["0.8379", "391"], ["0.8345", "712"], ["0.8632", "132"]]}
{"ts": "2026-03-08T12:34:00Z", "market_id": "will-btc-hit-100k-2026", "best_bid": "0.6828", "best_ask": "0.7144", "bids": [["0.6828", "443"], ["0.669", "159"], ["0.6353", "697"]], "asks": [["0.7144", "726"], ["0.7383", "695"], ["0.7539", "498"]]}
{"ts": "2026-03-08T12:34:00Z", "market_id": "will-fed-cut-rates-june", "best_bid": "0.4367", "best_ask": "0.4861", "bids": [["0.4367", "657"], ["0.4169", "603"], ["0.4043", "510"]], "asks": [["0.4861", "294"], ["0.4973", "708"], ["0.5274", "66"]]}
{"ts": "2026-03-08T12:34:00Z", "market_id": "will-trump-win-2028", "best_bid": "0.3387", "best_ask": "0.3902", "bids": [["0.3387", "719"], ["0.3183", "599"], ["0.2891", "123"]], "asks": [["0.3902", "733"], ["0.419", "202"], ["0.4195", "87"]]}
{"ts": "2026-03-08T12:34:00Z", "market_id": "will-eth-flip-btc-2026", "best_bid": "0.2604", "best_ask": "0.3099", "bids": [["0.2604", "683"], ["0.2456", "64"], ["0.2151", "149"], ["0.1938", "115"]], "asks": [["0.3099", "96"], ["0.3328", "226"], ["0.3661", "517"], ["0.39", "158"]]}
{"ts": "2026-03-08T12:34:00Z", "market_id": "will-ai-pass-bar-exam", "best_bid": "0.7496", "best_ask": "0.7942", "bids": [["0.7496", "744"], ["0.7331", "639"], ["0.7241", "268"]], "asks": [["0.7942", "461"], ["0.8237", "608"], ["0.8476", "96"]]}
{"ts": "2026-03-08T12:34:30Z", "market_id": "will-btc-hit-100k-2026", "best_bid": "0.69", "best_ask": "0.7337", "bids": [["0.69", "475"], ["0.6661", "499"], ["0.633", "152"], ["0.6233", "66"]], "asks": [["0.7337", "222"], ["0.7548", "299"], ["0.7554", "697"], ["0.8104", "548"]]}
{"ts": "2026-03-08T12:34:30Z", "market_id": "will-fed-cut-rates-june", "best_bid": "0.4337", "best_ask": "0.4907", "bids": [["0.4337", "476"], ["0.4075", "758"], ["0.4054", "585"], ["0.379", "675"], ["0.3907", "561"]], "asks": [["0.4907", "760"], ["0.5162", "179"], ["0.5363", "511"], ["0.577", "758"], ["0.5451", "676"]]}
{"ts": "2026-03-08T12:34:30Z", "market_id": "will-trump-win-2028", "best_bid": "0.3358", "best_ask": "0.3938", "bids": [["0.3358", "478"], ["0.3146", "592"], ["0.291", "602"], ["0.2926", "725"], ["0.2736", "202"]], "asks": [["0.3938", "54"], ["0.4076", "147"], ["0.4483", "569"], ["0.47", "263"], ["0.4493", "751"]]}
{"ts": "2026-03-08T12:34:30Z", "market_id": "will-eth-flip-btc-2026", "best_bid": "0.2897", "best_ask": "0.3296", "bids": [["0.2897", "710"], ["0.274", "392"], ["0.2375", "94"]], "asks": [["0.3296", "422"], ["0.3483", "681"], ["0.3799", "156"]]}
{"ts": "2026-03-08T12:34:30Z", "market_id": "will-ai-pass-bar-exam", "best_bid": "0.7288", "best_ask": "0.7784", "bids": [["0.7288", "546"], ["0.7164", "788"], ["0.6851", "253"], ["0.6449", "162"], ["0.6705", "472"]], "asks": [["0.7784", "577"], ["0.8063", "505"], ["0.8114", "743"], ["0.8222", "383"], ["0.8373", "254"]]}
{"ts": "2026-03-08T12:35:00Z", "market_id": "will-btc-hit-100k-2026", "best_bid": "0.6849", "best_ask": "0.7238", "bids": [["0.6849", "271"], ["0.6658", "189"], ["0.6361", "326"], ["0.6348", "632"]], "asks": [["0.7238", "674"], ["0.7415", "518"], ["0.7691", "257"], ["0.7557", "111"]]}
{"ts": "2026-03-08T12:35:00Z", "market_id": "will-fed-cut-rates-june", "best_bid": "0.4506", "best_ask": "0.4818", "bids": [["0.4506", "225"], ["0.4362", "210"], ["0.3925", "641"]], "asks": [["0.4818", "401"], ["0.4977", "703"], ["0.538", "616"]]}
